2558 4757
406 219 505 285 42

937 209 1024 301 Q.
1083 209 1541 304 HQRATII
1595 210 1981 280 FLAcct

624 386 1016 462 Romulum
1043 385 1233 483 ‘post
1270 368 1443 458 ⁸‘hos
1471 384 1719 484 Ριζίυε,
1789 371 1904 457 εἰη·
1933 373 2263 483 quietum
2346 367 2350 372 ,

610 506 936 605 xPompili
986 532 1291 607 reg-num
1343 491 1778 597 memorem,
1849 511 1939 577 ‘a'n
1995 497 2354 604 superbos

542 665 547 669 ·
621 628 1292 729 Tarquini=i'asceS‚
1363 623 1652 716 dubito,
1718 654 1806 698 an
1863 626 2156 699 Catonis

1059 729 1065 744 ⁸
1307 751 1310 756 ’
1396 744 1660 818 Nobile
1710 747 1956 819 letum.

480 1016 533 1050 v.
581 967 1135 1063 83—36.'q121·etum
1175 993 1409 1063 Pompil.

414 1102 657 1150 regnum.
714 1081 836 1138 Liv.
866 1080 926 1131 .1-.
969 1080 1055 1133 21.
1117 1082 1409 1136 maximum

414 1171 533 1226 eius
597 1185 812 1237 operum
869 1161 993 1229 suit
1064 1165 1240 1216 tutela
1312 1183 1410 1233 per

415 1272 571 1306 omne
597 1254 756 1322 regni
797 1264 1007 1319 tempus
1048 1252 1224 1318 pacis.
1315 1250 1408 1301 Ita

415 1341 525 1391 duo
571 1342 820 1410 deinqeps
861 1352 1047 1402 regest,
1095 1335 1238 1386 alius
1287 1336 1409 1387 alia

364 1426 531 1492 xvia,
588 1426 688 1476 ille
724 1417 1043 1490 (Romulus)
1086 1419 1265 1486 bello,
1314 1421 1436 1473 hic*

414 1510 647 1579 (Numa)
700 1526 839 1581 pace
899 1506 1176 1558 civitatem
1236 1525 1404 1584 aufre-

407 1609 557 1648 runt.
600 1621 686 1636 --
772 1587 779 1592 ’
1158 1583 1167 1590 x

493 1665 548 1734 v}
576 1676 664 1738 34.
680 1681 941 1749 superbos
978 1677 1246 1747 Tarquini
1269 1674 1403 1742 fas-

415 1784 538 1832 ces,
598 1784 710 1818 non
774 1758 1158 1834 Tarquinium⁴
1190 1763 1398 1830 Super-

390 1851 567 1919 ⁸bum,
610 1851 703 1905 cui
727 1851 915 1903 nullus
946 1847 1173 1901 omnino
1202 1848 1263 1899 in
1295 1847 1404 1899 hoc

411 1927 667 1993 carmine
706 1937 861 1988 locus
890 1934 993 2000 sit,
1036 1932 1134 1985 sed
1163 1932 1405 2000 Tarqui-

410 2024 573 2078 nium
643 2021 899 2075 Priscum
967 2009 1410 2087 intelligendum

411 2125 560 2172 esse,
622 2106 910 2159 contendit
969 2103 1041 2156 ad
1101 2103 1160 2157 h.
1216 2102 1257 2156 l.
1315 2102 1402 2157 CI.

408 2194 642 2248 Mitsch.
706 2193 902 2260 Itaque
951 2188 1212 2257 superbos
1253 2187 1400 2240 iam:

408 2278 724 2347 splendidos
767 2293 915 2340 esse,
977 2283 1037 2328 et
1078 2273 1150 2324 ad
1176 2274 1402 2350 magni-

403 2366 578 2419 ficum
602 2362 748 2434 regis
793 2369 1125 2432 apparatum
1157 2360 1404 2428 pertine-

406 2467 467 2503 re
496 2448 800 2501 existimat.⁸
857 2449 927 2499 At
959 2447 1100 2498 mihi
1135 2463 1294 2498 secus
1316 2445 1401 2513 νίς

408 2536 590 2589 detur.
676 2536 759 2587 Ex
779 2551 907 2585 mea
933 2533 1083 2585 enim
1123 2533 1402 2583 sententia

340 2682 343 2685 Α
409 2608 794 2688 imprudenter
846 2618 1019 2687 plane
1078 2633 1230 2681 nunc
1281 2616 1398 2684 epi-

406 2708 603 2759 theton
655 2707 915 2772 superbus
959 2704 1017 2753 in
1061 2719 1159 2766 ea„
1222 2718 1395 2771 quam

409 2791 546 2844 alias
591 2789 788 2856 habet,
822 2787 1252 2858 significatione
1295 2804 1396 2854 po-

407 2876 605 2928 suisset
626 2884 809 2943 poeta,
855 2891 984 2925 cum
1016 2878 1297 2943 quemque
1326 2871 1392 2923 il-

386 2961 503 3013 ·lud
531 2978 644 3012 non
671 2961 740 3011 ad
770 2958 1062 3030 Tarquinii
1087 2957 1265 3011 Prisci
1298 2957 1394 3009 sed

406 3044 642 3114 Superbi
713 3044 1015 3113 imperium
1079 3042 1394 3095 relaturum

407 3148 549 3198 esse,
595 3118 711 3199 ipse
736 3131 903 3182 facile
926 3128 1247 3198 intelligere
1268 3145 1395 3198 pos-

403 3227 503 3273 set.
589 3219 709 3269 Nec
763 3216 957 3281 video,
1013 3233 1117 3267 cur
1154 3214 1397 3284 Tarqui-

326 3300 329 3305 ’
404 3304 526 3354 nius
575 3303 854 3370 Superbus
902 3300 1163 3370 indignus
1206 3300 1393 3368 plane,

406 3402 571 3455 quem
633 3387 779 3438 inter
827 3386 1070 3456 insignes
1108 3388 1394 3438 Romano-

402 3489 533 3524 rum
569 3470 716 3539 viros
759 3481 1231 3523 commemoraret
1259 3488 1394 3540 poe-

402 3566 478 3624 ta,
521 3556 802 3608 habendus
828 3558 915 3625 sit,
938 3556 1236 3630 praecipue
1260 3572 1393 3609 cum

403 3640 667 3711 Virgilius
714 3659 932 3712 quoque
964 3644 1101 3698 Aen.
1140 3644 1232 3693 VI.
1265 3642 1388 3696 819.

400 3744 517 3778 non
558 3727 926 3794 Tarquinium
965 3728 1218 3779 Priscum
1265 3736 1390 3779 tan-

400 3821 561 3876 tum,
619 3811 715 3862 sed
754 3811 926 3863 etiam
962 3812 1278 3880 Superbum
1319 3812 1390 3864 ad

401 3898 654 3948 illustres
702 3897 944 3963 animas,
999 3915 1242 3966 quarum
1284 3899 1397 3949 An·

404 3982 579 4059 chises
606 3980 662 4032 in
704 3982 915 4051 campis
955 3981 1151 4051 Elysiis
1196 3998 1394 4034 recen-

402 4085 529 4119 sum
580 4066 767 4139 habet,
818 4066 1088 4121 retulerit.
1152 4068 1393 4129 .Nam,si

402 4150 668 4205 Horatius
735 4151 904 4205 dicit:
993 4173 1066 4206 αη
1136 4155 1392 4223 superbos

818 4278 847 4304 N.

2340 629 2471 706 '35

1497 991 1768 1064 Tarquini
1783 992 1999 1062 fasces,
2034 1010 2219 1065 neque
2241 977 2319 1046 'de
2345 992 2470 1046 Tar-

1493 1081 1672 1150 quinii
1710 1080 1941 1149 Superbi
1986 1081 2157 1147 vitiis,
2201 1095 2380 1148 neque
2411 1080 2467 1132 de

1491 1166 1722 1236 singulis
1779 1165 1893 1218 eius
1953 1165 2252 1217 virtutibus
2270 1204 2287 1232 ‚
2334 1182 2404 1240 v„
2424 1182 2465 1218 c.

1490 1251 1696 1304 virtute
1732 1251 1934 1303 bellica
1975 1245 2168 1322 (Ovid.
2217 1252 2362 1301 Fast.
2402 1251 2465 1301 ΙΙ.

1490 1336 1611 1394 688.
1667 1337 1865 1392 Vltima
1913 1337 2249 1406 Tarquinius
2276 1336 2467 1386 Roma-

1485 1439 1596 1473 ·nae
1642 1423 1833 1490 gentis
1861 1415 2101 1474 hdbebat
2129 1423 2349 1494 Regna,
2391 1421 2467 1471 vir

1488 1507 1746 1576 iniustus,
1780 1505 1961 1574 fortis
1991 1508 2246 1560 eid-arma
2275 1506 2478 1572 tamen)-

1488 1609 1672 1661 neque
1726 1593 1794 1643 de
1839 1591 2082 1662 singulis
2137 1589 2257 1642 aliis
2307 1589 2463 1641 rebus

1485 1678 1778 1746 praeclare
1837 1678 1905 1729 ab
1944 1694 2009 1728 eo
2053 1676 2220 1747 gestis
2252 1674 2345 1726 vel
2383 1674 2462 1726 in-

1485 1762 1709 1829 stitutis‚
1723 1762 1818 1814 sed
1843 1762 2023 1831 potius
2054 1762 2122 1813 de
2144 1749 2349 1830 insigni
2372 1759 2464 1812 illa

1486 1848 1590 1899 sub
1628 1849 1740 1902 fine
1783 1848 1899 1899 eius
1940 1847 2163 1918 imperii
2197 1863 2299 1914 per
2333 1849 2462 1899 Bru-

1485 1941 1611 1984 tum
1651 1932 1907 2005 inprimis
1949 1932 2101 1986 facta
2149 1948 2342 1984 rerum
2367 1948 2461 2000 pu-

1484 2017 1767 2070 blicarum
1820 2018 2198 2070 conversione
2221 2018 2461 2087 cogitan-

1488 2105 1626 2157 dum
1650 2113 1748 2171 est,
1775 2120 1918 2174 quae
1941 2121 2072 2156 sane
2102 2102 2461 2172 largissimam

1487 2190 1723 2243 Horatio
1784 2188 1856 2242 ad
1899 2206 2158 2257 carmen,
2217 2187 2285 2240 de
2327 2191 2459 2241 Tar-

1488 2275 1667 2344 quinii
1719 2274 1953 2345 Superbi
2006 2276 2172 2326 rebus
2231 2282 2287 2325 et
2331 2274 2460 2325 alio-

1484 2377 1615 2413 rum
1649 2349 1818 2414 simul
1843 2377 2181 2431 magnorum
2219 2360 2460 2413 virorum

1482 2439 1782 2499 virtutibus
1828 2447 2298 2516 componendum,
2339 2465 2459 2517 sup-

1482 2533 1732 2603 peditare
1797 2534 2071 2602 potuisset
2154 2534 2458 2587 materiem.

1480 2620 1660 2670 Hanc*
1699 2627 1887 2670 autem
1924 2636 2114 2671 rerum
2156 2618 2460 2671 conversio-

1479 2718 1611 2754 nem
1640 2704 1937 2772 respexisse
1965 2714 2220 2773 poetam,
2264 2705 2460 2773 proba-

1479 2787 1591 2839 bile
1631 2790 1696 2840 fit
1742 2789 1903 2855 inde,
1981 2790 2128 2859 quod
2188 2789 2258 2841 ad
2296 2789 2457 2842 aliam

1476 2874 1664 2924 statim
1679 2872 1968 2952 insignem
2007 2893 2198 2928 rerum
2240 2891 2461 2928 conver-

1477 2958 1692 3010 sionem
1725 2960 1957 3026 transit,
2014 2978 2187 3030 quarn
2235 2977 2335 3029 per
2370 2977 2460 3010 no-

1481 3044 1591 3095 bile
1653 3045 1875 3095 Catonis
1934 3046 2100 3097 letum
2176 3046 2456 3133 designat:

1482 3130 1662 3185 nobile
1701 3118 1841 3201 illud
1887 3125 2123 3217 dicitur,
2164 3131 2315 3200 quod
2351 3110 2455 3183 Ca-

1477 3222 1571 3278 to,
1621 3232 1750 3268 cum
1796 3204 1971 3282 mori,
2027 3234 2196 3285 quam
2245 3217 2459 3269 Caesari

1477 3315 1535 3350 se
1573 3299 1772 3354 dedere
1814 3300 2033 3370 mallet,
2090 3302 2242 3371 ipse,
2290 3318 2357 3353 ne
2377 3283 2461 3354 in

1478 3384 1594 3437 eius
1658 3396 1988 3455 potestatem
2039 3388 2286 3456 veniret,
2340 3386 2460 3438 vti-

1479 3486 1612 3534 cae,
1656 3472 1803 3523 unde
1850 3473 2116 3523 Vticensis
2148 3472 2326 3524 dictus
2357 3480 2455 3539 est,

1475 3552 1707 3607 manum
1777 3558 1898 3609 sibi
1950 3557 2153 3610 intulit.
2193 3557 2285 3611 cf.
2342 3556 2456 3610 Cic.

1475 3638 1641 3698 offic.
1687 3642 1856 3694 1.31.
1911 3644 2059 3698 Hinc
2113 3644 2226 3712 ipse
2264 3644 2458 3695 Caesar

1475 3723 1669 3779 dixisse
1724 3728 1936 3781 fertur:
2009 3729 2236 3783 Invideo
2297 3731 2455 3780 morti

1474 3821 1630 3879 tuae,
1678 3813 1830 3864 Cato.
1913 3814 2109 3883 Itaque
2138 3815 2314 3866 ·haec⁴
2359 3814 2457 3864 ho-

1478 3897 1710 3949 norifica
1739 3898 1886 3950 inter
1913 3899 2059 3951 viros
2087 3900 2329 3952 illustres
2354 3900 2453 3951 Ca—

1477 3982 1623 4034 tonis
1656 3985 2122 4038 commemoratio
2151 3985 2247 4036 vix
2277 3986 2453 4053 Augu·

1476 4064 1622 4119 stum
1657 4068 1757 4134 (ut
1781 4070 2129 4147 opinabatur,
2175 4078 2231 4122 et
2259 4086 2331 4122 ex
2351 4069 2450 4121 hac

1473 4152 1737 4221 opinione
1769 4156 1924 4209 hunc
1950 4156 2143 4209 locum
2179 4155 2454 4227 corrigere
