2558 4757
378 223 506 285 236

828 235 831 238 ¹
922 214 1014 302 Q
1078 210 1529 290 Hoaatru
1593 210 1984 282 Ftacm

559 381 970 484 Aedesque
1021 384 1368 459 labentes
1393 384 1800 458 Deorum
1752 439 1798 478 ,2
1838 403 1912 457 et

709 502 973 576 Foeda
1001 504 1210 620 nigro
1265 504 1640 577 simulacra
1695 504 1919 578 fumo.

480 625 612 694 Dis
665 643 775 695 te
787 622 1143 698 minorem
1178 623 1403 723 quod
1452 624 1681 726 geris,
1731 608 2105 721 imperas:
2205 641 2214 647 ’
2393 623 2437 695 5

479 742 672 815 Hinc
725 768 942 815 omne
995 744 1478 843 principium,
1489 743 1679 816 huc
1730 744 1917 817 refer
1970 741 2257 816 exitum.

581 862 681 936 Di
732 863 953 936 multa
1004 863 1322 964 neglecti
1370 862 1734 936 dederunt

704 973 1097 1082 Hesperiae
1148 984 1347 1057 mala
1383 985 1781 1093 luctuosae.

375 1173 651 1240 honestas,
693 1176 890 1245 quihus
905 1153 1128 1247 puellae
1155 1195 1190 1229 a
1216 1186 1372 1231 tene-

375 1276 441 1311 ra
464 1259 595 1311 inde
618 1269 796 1313 aetate
841 1261 913 1314 ad
955 1261 1247 1315 libidinem
1278 1263 1373 1315 iu‘-

375 1361 543 1397 venes
591 1345 858 1415 pellicere
898 1347 1143 1413 soleant,
1203 1355 1372 1417 artes,

377 1446 551 1501 quam
593 1430 861 1499 infamia,
932 1449 1074 1501 quae
1118 1432 1376 1486 licentius

376 1532 531 1569 nunc
559 1532 593 1567 a
618 1516 806 1584 nuptis
842 1517 1228 1585 admittantur,
1272 1516 1377 1570 de-

377 1600 575 1653 scribit
606 1600 912 1668 adulteria3
982 1602 1251 1673 denique,
1309 1610 1381 1655 ut

380 1699 514 1736 cum
550 1685 767 1754 pudore
806 1687 1141 1758 intelligant,
1197 1699 1375 1758 quan-

379 1777 507 1822 tum
543 1789 576 1821 a
615 1772 890 1824 maiorum
930 1789 1160 1825 suorum
1184 1771 1376 1825 indole

368 1857 443 1907 'et
511 1856 809 1909 virtutibus
895 1856 1374 1927 degeneraverint,

381 1940 659 2009 breviter,
686 1942 873 2010 quales
902 1942 988 1993 illi
1012 1942 1128 1998 nati
1157 1950 1213 1994 et
1238 1942 1372 1994 edn-

385 2025 494 2077 cati
534 2024 774 2093 fuerint,
818 2013 1260 2079 commemorat.
1289 2054 1378 2068 -

381 2110 615 2179 Augusti
643 2111 871 2181 quidem
901 2112 959 2163 in
984 2119 1104 2164 toto
1129 2111 1239 2163 hoc
1256 2123 1377 2163 car-

382 2194 534 2250 mine
557 2194 714 2247 nulla
729 2196 879 2248 facta
902 2205 984 2248 est
1004 2198 1234 2263 mentio,
1281 2196 1379 2249 sed

385 2297 518 2346 cum
554 2279 693 2332 illud
721 2298 784 2333 eo
809 2282 931 2351 ipso
959 2290 1218 2351 tempore
1240 2279 1379 2333 scri-

381 2374 544 2438 ptum
571 2383 685 2417 esse
708 2353 980 2435 videdtur,
1023 2385 1135 2438 quo
1163 2369 1379 2437 Augus-

381 2459 474 2502 tus
499 2449 572 2502 ad
599 2451 832 2504 deorum
862 2452 1095 2518 cultum,
1138 2453 1377 2523 quitum

373 2535 647 2604 frigebat,
689 2536 750 2588 in
771 2537 977 2589 civium
997 2539 1195 2590 animis
1226 2538 1380 2589 refo-

383 2621 628 2674 vendum
655 2618 821 2673 aedes
849 2639 1060 2689 sacras,
1103 2631 1167 2677 ut
1185 2622 1379 2675 scribit

304 2740 307 2745 ‹
383 2706 615 2760 Sueten.
666 2707 806 2776 Aug.
870 2724 918 2759 c.
958 2704 1044 2760 30.
1104 2719 1378 2761 vetustate

386 2792 688 2858 collapsas,
732 2805 828 2842 aut
863 2793 1119 2843 incendio
1159 2794 1377 2844 absum-

385 2889 475 2928 tas
502 2873 721 2940 refecit,
751 2884 810 2926 et
826 2877 895 2928 ad
910 2879 1378 2946 compescendam

364 2960 607 3012 &iberae
623 2960 850 3013 Veneris
876 2962 1165 3015 licentiam
1189 2963 1379 3032 legem

384 3047 589 3103 Iuliam
639 3045 710 3096 cle·
748 3046 1049 3098 adulteriis
1093 3056 1152 3100 et
1191 3048 1379 3118 legem

385 3131 623 3201 Papiam
654 3131 966 3201 Poppaeam
1002 3133 1071 3184 de
1112 3135 1379 3185 maritan-

384 3217 476 3269 dis
498 3217 786 3267 ‘ordinibus
804 3225 935 3271 cett.
970 3216 1155 3283 dedit3
1198 3220 1378 3271 Hora-

381 3300 545 3367 tium,
591 3309 655 3353 ut
670 3303 746 3377 ⁸in
769 3302 906 3355 aliis*
915 3302 1254 3355 carminibus
1265 3305 1376 3361 Au-

384 3387 538 3456 gusti
565 3386 837 3451 virtutem
870 3388 1153 3456 bellicam,
1195 3387 1275 3440 ita
1314 3388 1379 3440 in

382 3471 491 3522 hoc
540 3471 807 3524 virtutem
854 3472 969 3523 eius
1025 3474 1247 3525 civilem
1289 3489 1380 3525 oe-

313 3579 317 3585 v
364 3554 604 3608 ‘lebrare
627 3555 882 3624 voluisse,
920 3556 1073 3610 haud
1095 3557 1378 3627 improba-

274 3670 285 3683 ·
383 3639 497 3692 bile
523 3648 653 3696 est.-

300 3743 318 3751 ·
469 3727 557 3777 V.
581 3725 610 3776 l
632 3754 704 3767 -·-
724 3720 779 3778 4.
823 3726 1052 3779 Delicta
1093 3729 1380 3796 maiorum,

385 3807 466 3863 ab⁴
487 3809 672 3878 impiis
691 3810 958 3881 patribus,
999 3813 1061 3864 in
1095 3812 1253 3864 bellis
1298 3814 1381 3866 ci-

384 3895 588 3947 vilibus
630 3895 902 3963 inprimis,
946 3905 1143 3949 contra
1164 3897 1296 3950 deos
1323 3906 1382 3950 et

384 3980 626 4049 patriam
686 3989 1020 4048 perpetrata.
1072 3984 1382 4035 immeritus

384 4064 443 4115 h.
483 4080 532 4118 e.
570 4064 871 4133 innocens,
928 4056 1174 4136 integer3
1247 4086 1382 4123 nam

1454 1177 1547 1235 80.
1577 1126 1800 1241 dicitur,
1847 1192 2013 1258 saepe
2040 1172 2249 1234 incesto
2288 1174 2440 1223 addi-

1458 1265 1542 1316 dit
1564 1265 1858 1330 integrum.
1888 1259 2006 1312 nbi
2010 1258 2084 1310 of.
2098 1267 2213 1309 not.
2228 1266 2284 1309 et
2299 1274 2441 1325 supr.

1453 1349 1501 1401 1.
1516 1349 1604 1402 28.
1616 1347 1703 1402 30.
1711 1347 1998 1414 —templa
2014 1340 2293 1411 refeceris,
2316 1342 2441 1395 infr.

1454 1434 1570 1488 Sat.
1587 1435 1661 1487 11.
1704 1433 1757 1485 2.
1792 1425 2226 1503 104--53quare
2248 1428 2444 1494 templa

1459 1532 1622 1571 ruunt
1635 1519 1867 1586 antiqua
1887 1512 2043 1566 deam
2059 1512 2086 1565 2
2112 1530 2223 1581 our,
2253 1514 2443 1582 impro-

1461 1603 1574 1667 be,
1618 1621 1784 1656 sarae
1822 1600 1957 1652 Non
1986 1596 2204 1668 aliquid
2236 1599 2444 1667 patriae

1462 1700 1619 1741 tanto
1650 1687 1897 1740 emetiris
1940 1701 2134 1736 acervo
2150 1683 2177 1735 ἐ’
2188 1710 2276 1722 —-
2288 1684 2442 1734 aedes

1463 1776 1704 1839 deorum,
1733 1769 1986 1841 intellige
2013 1768 2266 1833 delubra,
2310 1784 2442 1838 quae

1459 1859 1662 1945 passim
1688 1874 1818 1912 cum
1840 1854 2070 1924 templis
2083 1852 2351 1922 coniungi
2362 1869 2439 1904 so-

1457 1944 1595 1997 lent.
1611 1925 1972 2005 -labentes,
2016 1956 2156 2008 prae
2184 1946 2441 2008 vetustate

1461 2007 1770 2081 desidentes
1802 2036 1858 2079 et
1890 2025 2118 2100 ruinam
2151 2023 2438 2086 minantes,

1461 2113 1730 2183 quoniam
1774 2128 1982 2163 earum
2022 2108 2442 2161 reficiendarum

1459 2198 1619 2251 nulla
1646 2198 1827 2250 adhuc
1856 2195 2049 2248 habita
2077 2195 2266 2246 fuerat
2293 2193 2439 2245 ratio.

1460 2311 1549 2328 -υ-
1574 2281 1755 2350 foeda
1804 2283 1948 2350 nigr.
1990 2280 2135 2348 fam.
2181 2277 2342 2330 foede
2364 2278 2442 2329 in-

1462 2367 1695 2443 quinata
1721 2377 1778 2420 et
1804 2367 2121 2420 decolorata
2145 2365 2331 2433 fumo,
2372 2382 2445 2417 sc.

1463 2470 1633 2525 quem
1675 2455 1909 2506 flamma
1949 2451 2160 2517 thuris,
2219 2449 2368 2521 quod
2392 2450 2446 2501 in

1460 2539 1686 2608 templis
1701 2539 2046 2605 adolebatur,
2089 2552 2313 2588 sursum
2323 2535 2444 2586 mit-

1459 2624 1647 2689 tebat3
1688 2625 1826 2676 ritus
1849 2623 2022 2693 igitur
2044 2622 2165 2687 ille,
2198 2636 2308 2689 quo
2326 2620 2444 2670 deo-
2449 2642 2454 2645 v

1459 2722 1591 2761 rum
1626 2696 1925 2761 simulacra
1965 2715 2111 2758 stato
2155 2704 2446 2775 quotannis

1462 2776 1553 2846 die
1588 2794 1767 2847 lavari
1799 2794 2065 2857 solebant,
2112 2790 2445 2842 intermissus

1459 2879 1675 2947 fuerat3
1719 2879 1789 2931 de
1834 2895 1945 2949 quo
1983 2876 2349 2945 Spanhemius
2383 2876 2444 2927 ad

1462 2964 1798 3021 Callimachi
1835 2965 2042 3032 Hymu.
2075 2961 2159 3012 in
2221 2962 2441 3012 Lavacr.

1459 3049 1599 3103 Pell.
1633 3049 1847 3100 erudite
1874 3063 2036 3099 more
2063 3061 2162 3097 suo
2190 3045 2440 3113 disputat.

1544 3135 1611 3187 V.
1654 3132 1687 3186 5
1714 3161 1800 3174 -
1826 3133 1877 3185 8.
1934 3133 2041 3182 Dis
2087 3143 2142 3182 te
2183 3131 2313 3183 min.
2358 3148 2439 3198 qa.

1445 3237 1581 3287 ger.
1634 3221 1763 3286 imp.
1829 3234 1958 3270 nam
2016 3223 2139 3267 tum
2209 3213 2442 3282 demum,

1459 3320 1592 3356 oum
1635 3303 1867 3356 deorum
1908 3300 2193 3371 potentiae
2231 3308 2291 3351 te
2327 3300 2444 3351 sub—

1460 3388 1659 3457 mittis,
1703 3388 1762 3441 h.
1790 3403 1837 3440 e.
1871 3387 2002 3439 deos
2029 3385 2123 3454 pie
2161 3385 2316 3449 colis,
2358 3384 2442 3435 fir-

1460 3490 1636 3538 mum,
1671 3472 1842 3542 §quod
1878 3482 2066 3535 tenes,
2127 3469 2238 3520 erit
2275 3470 2443 3538 impe-

1459 3559 1645 3622 rium3
1688 3557 1958 3611 sententia
1980 3551 2340 3626 gravissima!
2393 3553 2447 3605 in

1461 3660 1632 3712 quam
1658 3642 1778 3695 Cic.
1803 3642 1889 3694 'de
1920 3644 2157 3709 Harusp.
2185 3642 2353 3708 Resp.
2400 3638 2447 3691 9.

1466 3729 1681 3781 Pietate
1709 3745 1773 3778 ac
1809 3727 2106 3793 religione,
2153 3735 2320 3793 atque
2351 3724 2449 3774 hac

1466 3830 1577 3865 una
1604 3813 1897 3881 sapientia,
1943 3802 2329 3879 qua-Deorum
2358 3808 2449 3858 im-

1444 3898 1779 3950 ·mortalium
1835 3897 2053 3946 numine
2109 3894 2312 3965 omnja,
2335 3893 2452 3959 regi

1462 3983 1868 4051 gubernarique
1894 3981 2289 4049 perspeximus,
2349 3995 2454 4028 om-

1462 4085 1563 4121 nes
1601 4079 1796 4134 gentes
1840 4067 2454 4139 nationesque-supera-

394 4148 678 4215 Diespiter
707 4148 1008 4218 neglectus,
1053 4160 1115 4204 ut
1144 4162 1293 4223 supr.
1326 4155 1379 4210 2.
1426 4183 1442 4211 s
1464 4155 1655 4207 vimus.
1718 4149 2078 4206 etCamillus
2131 4151 2285 4219 apud
2338 4145 2449 4200 Liv-
