2558 4757
745 201 801 270 C
818 201 873 271 A
889 203 947 271 Β
962 204 1057 272 Μ.

349 297 689 451 Αίέβοιετίς

349 370 721 486 Augustus
738 428 761 467 ,

1115 203 1296 274 Lm.
1354 206 1464 281 ιιι.
1497 177 1582 281 5'

812 372 1109 451 adiectis
1161 374 1524 453 Britannis

2093 211 2225 288 229·

472 491 786 592 Imperio
805 549 827 587 ,
879 453 1360 598 &busque
1408 501 1659 581 Persis,

232 609 547 686 Milesne
600 613 833 688 Crassi
885 616 1193 715 coniuge
1242 617 1545 693 barbara

1659 577 1832 705 mi}
1856 616 2032 748 (ωιρίω
2044 661 2098 692 a
2159 625 2240 693 5.-

140 761 143 768 2
233 730 518 831 Turpis
566 734 858 808 maritus
910 733 1138 809 vixit?
1187 756 1259 810 et
1308 734 1743 812 hostium—-

342 852 490 926 Pro
542 851 801 946 Curia,
839 854 978 928 'inv
983 855 1265 955 ersique
1315 857 1718 929 mores·—

470 971 913 1047 Consenuit
915 999 1334 1051 socerorum
1382 973 1458 1048 in
1513 951 1722 1068 ιιι-ἤιε,

122 1166 240 1221 gna
271 1149 580 1216 militaria,
615 1148 707 1202 sed
735 1150 999 1231 coniugio
1032 1152 1128 1205 ad-

121 1251 190 1287 eo
237 1235 303 1286 in
342 1234 663 1304 captivitate
703 1228 1127 1305 αΡιιᾶῬειηΙιοε

121 1336 178 1372 se
204 1320 563 1372 iunxissem:
612 1336 742 1374 cum
797 1319 1127 1375 mulieribus

119 1404 406 1471 barbaris,
438 1404 687 1474 carpenti
702 1413 773 1457 ‘et
802 1405 1126 1460 abominan-

121 1490 166 1540 ti
194 1499 402 1559 sponte
429 1507 516 1555 ea,
544 1506 688 1558 quae
714 1488 961 1560 Regulus
987 1491 1124 1546 olim

121 1575 191 1624 de
265 1575 499 1643 captivis
557 1574 934 1641 iudicaverat,
1000 1593 1124 1629 suo-

121 1675 359 1711 currere
419 1659 712 1712 debebant.
810 1659 1011 1728 Itaque
1059 1667 1123 1712 ut

120 1742 335 1815 Reguli
382 1743 450 1795 de
494 1743 726 1813 captivis
750 1743 1025 1798 iudicium
1053 1761 1119 1797 eo

117 1829 395 1883 attentius
422 1845 490 1881 ex
513 1828 683 1897 ipsius
708 1828 866 1899 quasi
896 1844 991 1881 ore
1020 1845 1119 1883 au·

120 1913 348 1982 diatur,
419 1913 562 1965 sistit
608 1913 838 1965 eumin
882 1913 1116 1966 oonsilio

119 2008 351 2054 senatus
375 1991 619 2054 Romani
640 2006 1019 2067 praesentem,
1063 2007 1122 2053 et

120 2102 189 2137 ea
212 2085 375 2154 ipsa,
418 2100 563 2155 quae
588 2082 786 2135 missus
817 2099 851 2135 a
882 2084 1119 2136 Cartha-

119 2169 471 2240 giniensibus
508 2177 706 2226 contra
746 2184 839 2220 eos
886 2163 1118 2221 suasisse

92 2254 362 2320 dicitur,
409 2253 587 2305 verbis
626 2252 956 2322 gravissimis
983 2270 1116 2324 pro-

120 2331 520 2406 nuneiantem3
565 2355 676 2410 quo
721 2337 866 2392 nihil
898 2336 968 2391 ad
998 2337 1117 2392 ani-

117 2442 245 2479 mos
289 2425 511 2495 priscae
551 2422 775 2479 virtutis
816 2431 876 2476 et
901 2423 1117 2494 patriae

118 2527 320 2566 amore
371 2501 801 2564 inflammandos
850 2508 992 2580 fingi
1061 2518 1120 2563 et

119 2595 381 2650 adhiberi
424 2614 458 2650 a
477 2599 684 2650 Nostro
713 2594 901 2689 potuit
927 2594 1116 2649 effica-

117 2681 263 2736 cius.
628 2703 657 2731 e

162 2764 167 2767 ’
204 2784 265 2822 v.
312 2767 340 2819 1
371 2792 459 2806 --
485 2761 540 2820 4.
615 2765 778 2818 Caelo
835 2778 1116 2819 tonantem
1148 2825 1168 2847 x

118 2860 254 2904 cett.
329 2853 529 2905 Sensus
545 2871 565 2909 a
625 2852 1115 2920 Quemadmodum

118 2936 354 2989 credere
381 2935 654 3005 solemus,
690 2938 882 2990 Iovem
913 2953 1113 3009 regna-

80 3024 183 3074 're
232 3022 296 3073 in
340 3020 537 3086 caelo,
572 3020 725 3090 quod
776 3021 855 3074 ibi
921 3032 1112 3074 movet

78 3106 403 3171 ⁴temitrua;
474 3104 553 3162 ita
608 3120 758 3157 nune
810 3107 1108 3177 Augustus,

111 3191 279 3261 quod
317 3189 565 3260 potentia
599 3190 1020 3245 suaossritannos
1056 3201 1115 3244 et

114 3277 321 3328 Persas
344 3277 729 3329 Romanorum
747 3276 986 3345 imperio
1012 3276 1111 3330 ad-

114 3360 284 3429 iecit,
340 3369 611 3430 tanquam
674 3362 931 3433 praesens
975 3360 1111 3414 deus

112 3462 366 3516 regnum
405 3461 571 3497 suum
614 3443 674 3495 in
712 3446 875 3497 terris
904 3445 1113 3499 habere

113 3531 396 3583 credetur.
420 3556 509 3573 -·—
533 3530 621 3581 De
660 3544 723 3581 eo
740 3566 755 3594 ,
801 3531 950 3600 quod
972 3532 1115 3582 Hor..

113 3616 198 3667 ad
244 3613 481 3686 Augusti
517 3613 870 3670 maiestatem
912 3624 972 3668 et
1010 3632 1110 3686 po·

110 3700 358 3752 tentiam
398 3692 693 3770 magnifice
739 3699 1115 3754 extollendam

110 3785 452 3855 bipartitum
506 3784 663 3853 quasi
704 3784 757 3837 ei
810 3801 942 3839 cum
980 3788 1114 3843 Iove

109 3887 392 3940 regnum,
433 3869 581 3921 huie·
597 3868 822 3938 quidem
847 3869 908 3921 in
935 3872 1110 3937 caelo,

114 3955 205 4007 illi
234 3955 295 4006 in
337 3955 501 4007 terris
534 3953 817 4023 adsignat,
851 3954 923 4007 ef.
962 3971 1111 4026 supr.

114 4043 165 4093 1.
213 4041 299 4092 12.
352 4038 440 4093 57.
497 4038 555 4095 8.
617 4048 675 4092 et
735 4039 817 4097 ibi
869 4050 985 4093 not.
1026 4066 1113 4089 —v-

119 4126 479 4193 credidimus,
512 4115 803 4194 ἀορίστως,
830 4142 965 4197 pro:
994 4142 1116 4181 cre-

956 4228 987 4247 l

1210 1152 1344 1206 dere
1380 1154 1635 1210 solemus.
1655 1179 1743 1196 -·-
1766 1162 2063 1220 tonantem,
2100 1171 2200 1224 per

1209 1239 1636 1294 tanin-naenim
1658 1256 2083 1312 regnumsuum
2101 1238 2199 1292 de·
2287 1233 2294 1242 ’

1208 1323 1422 1380 clai-are
1447 1326 1746 1394 putabatur
1771 1325 2020 1394 'Iupiter3
2065 1325 2198 1377 hine

1207 1425 1357 1477 supr.
1381 1412 1518 1464 Hor.
1544 1410 1583 1464 1.
1607 1412 1650 1466 l.
1714 1411 1798 1462 Tu
1833 1412 1997 1477 gravi
2034 1428 2196 1462 curru

1207 1494 1427 1562 quaties
1455 1492 1772 1564 Olympum,
1814 1504 1918 1563 pro·
1944 1494 2192 1565 vulgari:

1206 1585 1271 1628 tu
1300 1579 1560 1649 regnabis
1602 1580 1665 1632 in
1691 1579 1876 1645 cae103
1920 1603 2010 1620 --
2033 1597 2193 1648 prae-

1206 1667 1335 1714 sens
1361 1663 1574 1730 Divus,
1618 1664 1717 1734 qui
1753 1680 1811 1717 se
1852 1664 2191 1734 conspicien-

1205 1746 1344 1804 dum
1409 1746 1640 1815 praehet
1687 1748 1751 1801 in
1823 1748 2018 1817 terris,
2091 1749 2190 1819 qui
2265 1787 2270 1792 .

1202 1832 1515 1901 praesentia
1553 1849 1653 1894 sua
1680 1832 1741 1885 in
1777 1834 1939 1885 terris
1981 1849 2190 1885 numen

1201 1932 1370 1969 suum
1395 1915 1671 1984 deelarat3
1716 1917 2016 1987 opponitur
2038 1916 2190 1971 enim

1201 2002 1325 2054 Iovi
1343 2003 1406 2053 in
1431 2003 1587 2055 caelo
1617 2003 2192 2070 regnanti.--·adiect.

1198 2086 1450 2140 Britann.
1479 2089 1666 2157 imper.
1698 2105 1855 2156 grav.
1878 2085 2035 2146 Pers.
2064 2104 2191 2140 rem

1199 2179 1402 2242 auget,
1445 2179 1513 2223 ut
1555 2180 1754 2242 poeta3
1798 2170 1908 2226 vid.
1951 2172 2184 2242 Argum.

1197 2271 1334 2308 nam
1404 2273 1586 2327 neque
1632 2257 1918 2326 Britanni,
2007 2273 2189 2326 neque

1197 2356 1396 2412 graves
1420 2344 1622 2395 Persae
1654 2342 1732 2411 (h.
1756 2359 1805 2396 e.
1830 2340 2043 2409 Parthi,
2074 2345 2187 2397 Ro-

1196 2443 1365 2479 mano
1409 2427 1627 2480 nomini
1670 2427 2050 2495 infestissimi,
2107 2426 2194 2478 ef?

1151 2520 1160 2526 '
1196 2529 1354 2581 supr.
1369 2513 1412 2563 1.
1430 2513 1483 2565 2.
1500 2513 1614 2581 22.)
1636 2521 1758 2566 tum
1786 2529 1919 2567 vere
1943 2520 1998 2566 et
2020 2512 2186 2582 plane

1197 2596 1257 2648 in
1295 2599 1682 2653 Romanorum
1723 2604 2054 2669 potestatem
2092 2613 2181 2650 re-

1198 2681 1350 2736 dacti
1375 2682 1615 2735 fuerant.

1282 2784 1336 2822 τ.
1362 2764 1396 2817 5
1409 2767 1596 2821 -μ-12.
1625 2766 1728 2821 Vix
1749 2784 1872 2821 rem
1891 2766 1966 2820 de
1984 2766 2184 2824 remis·

1196 2850 1271 2904 sis
1304 2866 1455 2904 nune
1509 2870 1545 2905 a
1583 2852 1822 2909 Phraate
1862 2853 2033 2924 signis
2070 2853 2183 2905 Ro·

1194 2951 1497 2988 manorum
1533 2936 1869 2993 militaribus
1906 2945 1964 2990 et
2006 2936 2181 3006 capti-

1195 3021 1278 3073 vis
1302 3028 1532 3092 tangere
1561 3031 1781 3091 poterat
1801 3029 1999 3091 poeta,
2043 3021 2181 3090 quin

1193 3105 1313 3158 eius
1352 3106 1605 3159 animum
1635 3106 1806 3160 simul
1846 3106 1915 3159 de
1941 3103 2181 3176 ignemi-

1193 3191 1294 3244 nia
1318 3190 1425 3267 ista
1442 3193 1728 3246 Romanae
1753 3190 1966 3261 gloriae
1993 3190 2179 3242 inusta

1154 3318 1157 3323 ,
1193 3275 1403 3327 subiret
1440 3275 1770 3347 indignatio,
1812 3275 1960 3328 Huic
1999 3273 2176 3344 igitur

1192 3359 1439 3428 primum
1476 3378 1695 3414 morem
1726 3359 1899 3430 gerit,
1935 3368 1991 3411 et
2027 3365 2180 3427 post-

1193 3461 1367 3515 quam
1408 3445 1632 3515 gravius
1666 3447 1726 3498 in
1773 3461 1893 3511 eos,
1936 3461 2177 3514 quorum

1193 3527 1411 3597 ignavia
1460 3534 1580 3583 tam'
1624 3530 1864 3600 turpiter
1906 3529 2176 3585 contami-

1193 3623 1326 3667 nata
1349 3615 1422 3666 sit
1449 3625 1606 3669 vetus
1633 3619 2017 3670 Romanorum
2056 3613 2178 3685 glo-

1192 3700 1298 3769 ria,
1338 3700 1588 3754 invectus
1615 3709 1723 3768 est,
1768 3708 2078 3769 opportune
2114 3697 2176 3750 in

1194 3801 1318 3837 rem
1344 3802 1501 3839 suam
1523 3786 1737 3841 illustre
1761 3784 1966 3855 Reguli
1992 3799 2177 3836 exem·

1190 3869 1353 3941 plum
1403 3879 1624 3925 tractat.
1660 3895 1747 3917 -κ
1780 3872 1933 3924 Haec
1989 3862 2177 3922 o‘mnia

1194 3963 1383 4008 autem
1421 3972 1534 4026 quo
1567 3955 1746 4026 magis
1791 3954 1864 4008 ad
1912 3955 2176 4023 antiquae

1193 4039 1418 4093 virtutis
1497 4041 1745 4094 studium
1822 4039 2178 4109 excitandum

1194 4135 1464 4198 spectant,
1505 4142 1571 4180 eo
1598 4125 1821 4182 suavius
1846 4128 2176 4196 Augustum,
