2558 4757
341 202 469 274 344

880 165 1483 282 Q.‘1'10RAT11
1540 189 1921 264 FLAcm

356 455 361 460 h
453 355 724 439 Videre
774 360 1075 437 Rhaetis
1124 362 1325 438 bella
1374 363 1518 435 suh
1565 323 1920 461 Alpibus
1971 347 1975 358 ἱ

360 523 363 532 ·
457 485 777 559 Drusum
832 504 1205 584 gerentem
1255 480 1654 556 Vindelici:
1704 485 1969 582 quibus

519 604 725 680 'Mos
776 603 973 677 unde
1028 602 1405 677 deductus
1441 629 1573 700 per
1629 626 1847 678 omne

688 724 1015 823 Tempus
1066 719 1458 796 Amazonia
1500 722 1740 795 securi

2343 717 2470 805 ‘20‘

462 844 767 919 Dextras
821 849 1191 938 bbarmet,
1204 866 1598 941 quaerere
1652 839 1972 941 distuli,

462 962 621 1036 Nec
672 965 855 1040 scire
907 945 1010 1038 fas
1064 985 1172 1038 est
1222 959 1512 1055 omnia3
1559 957 1690 1033 sed
1742 960 1871 1035 diu
1913 905 2022 1038 ’dr

566 1083 889 1184 Lateque
942 1084 1276 1159 victrices
1328 1103 1677 1173 catervae,

672 1203 1025 1296 „Consiliis
1083 1201 1364 1280 iuvenis
1415 1200 1746 1294 revictae,
1791 1233 1798 1238 ·

361 1395 567 1460 fuerat,
624 1396 947 1466 depulsum3
1003 1393 1072 1450 τὸ
1105 1399 1251 1451 lacte
1295 1412 1362 1449 ea

363 1479 621 1549 inprimis
674 1481 733 1536 vi
806 1482 1075 1536 addidisse
1143 1482 1399 1534 videtur.

363 1574 561 1636 poeta,
596 1589 599 1596 ·
628 1574 699 1618 ut-
732 1567 992 1620 iuvenem
1034 1566 1203 1620 illum
1245 1566 1364 1621 leo-

258 1701 267 1708 ,
365 1667 497 1706 nean
554 1665 707 1703 nunc
749 1651 1081 1706 famelicum
1122 1668 1248 1714 ,esse
1291 1651 1365 1703 si-

366 1735 692 1806 gnificarem
765 1753 936 1807 quam
989 1736 1213 1805 quidem
1262 1733 1368 1804 'qui

368 1837 484 1874 non
511 1820 664 1876 ferre
687 1830 909 1890 possent
926 1820 1089 1873 huius
1116 1819 1370 1890 poeticae

370 1902 638 1976 loquendi
688 1906 917 1960 rationis
957 1906 1370 1972 abundantiam,

372 2005 498 2042 eam
522 1989 711 2055 variis,
755 2008 894 2060 quas
937 1998 1371 2060 proposuerunt,

374 2073 854 2130 emendationibus
900 2075 1100 2129 tollere
1143 2076 1373 2129 studue-

372 2166 526 2214 runt.
635 2159 746 2213 Sed
808 2160 888 2213 sic
941 2161 1153 2230 corrigi
1204 2160 1376 2212 etiam

375 2243 613 2299 debebat
639 2243 799 2297 locus
837 2244 1047 2302 Tibull.
1094 2246 1141 2301 Ι.
1178 2244 1239 2318 ,3.
1264 2241 1373 2297 ·46.

272 2384 277 2389 .
375 2328 1037 2399 -wultroqueferebant
1074 2328 1249 2383 Obvia
1289 2348 1373 2381 se·

377 2416 531 2467 curis
560 2416 924 2477 ubera‘lactis
954 2433 1099 2481 oves,
1143 2416 1240 2469 ubi
1278 2432 1375 2484 pa-

375 2499 518 2551 riter
556 2493 621 2552 τὸ
666 2500 859 2568 lactis,
922 2501 1073 2571 quod
1108 2518 1244 2570 pro:
1289 2501 1376 2551 la-

379 2594 535 2653 ctea,
593 2585 900 2654 explicant,
956 2586 1245 2652 abundat;
1320 2593 1378 2636 et

380 2670 460 2721 sic
491 2669 637 2738 apud
655 2669 906 2739 Euripid.
934 2669 1113 2723 Orest.
1140 2688 1192 2723 v,
1222 2664 1377 2727 1544.

381 2748 657 2820 γάλακτος
687 2749 843 2821 παρὰ
862 2759 1265 2821 μαστοῑσιν.-
1281 2772 1377 2806 no-

379 2856 450 2890 vo
482 2840 657 2904 deme,
698 2839 1076 2910 significanter
1116 2840 1185 2893 de
1224 2841 1377 2895 iuve-

326 2972 331 2979 ,
375 2918 452 2979 ne
497 2923 692 2989 leone,
749 2925 846 2994 qui
896 2924 1142 2993 primum
1187 2925 1380 2987 dentes

382 3024 509 3060 suos
549 3008 822 3077 sanguine
852 3009 1380 3062 imbuit.--Rhae-

376 3095 456 3149 tis
468 3109 603 3162 pro:
631 3090 918 3146 Rhaeticis
935 3097 1228 3159 ;—-videre
1253 3096 1379 3147 Vin-

382 3179 571 3243 delici,
615 3178 684 3230 ab
718 3178 879 3231 initio
915 3161 1086 3245 enim,
1131 3199 1263 3233 cum
1294 3197 1379 3231 so-

378 3262 465 3318 los
502 3256 746 3317 Rhaetos
787 3263 1186 3334 aggrederetur
1229 3268 1383 3318 Dru-
1399 3299 1406 3313 ,

382 3339 500 3411 sus,
544 3348 725 3416 qualis
755 3348 854 3402 ille
885 3349 995 3401 dux
1036 3359 1205 3414 esset,
1248 3349 1384 3402 Vin-

385 3431 551 3483 delici
582 3435 849 3501 viderunt,
891 3432 989 3487 sed
1020 3435 1219 3488 deinde
1262 3434 1384 3485 eius

387 3517 649 3569 virtutem
673 3535 895 3591 quoque
919 3517 1231 3585 senserunt,
1268 3518 1382 3571 vid.

384 3601 613 3669 Argum.

473 3701 528 3737 v.
559 3685 821 3745 18—-28,
869 3691 1070 3759 quibus
1099 3705 1214 3740 mos
1241 3689 1387 3740 unde

390 3769 605 3819 deduct-
661 3799 747 3810 —-
805 3792 904 3826 nec
956 3777 1104 3826 scire
1135 3772 1243 3841 fas
1304 3785 1386 3823 est

394 3853 599 3923 omnia,
636 3853 691 3905 h.
717 3873 763 3907 e.
802 3859 898 3929 qui
929 3876 1029 3911 cur
1055 3858 1127 3911 ad
1155 3859 1410 3910 Ammo-⁴

388 3954 526 3990 num
583 3940 902 4008 exemplum
962 3960 1181 3997 secures
1237 3957 1385 3995 sem-

314 4078 329 4083 „
382 4012 492 4093 'per
515 4023 577 4075 in
599 4023 749 4076 bello
766 4035 981 4094 gestare
1005 4028 1236 4094 soleant,
1279 4044 1385 4083 nec

389 4108 738 4177 perscrutari
785 4109 1027 4180 placuit,
1083 4130 1189 4166 nec
1240 4113 1386 4167 scire

1445 1395 1636 1448 omnia
1675 1393 1828 1448 licet.
1854 1420 1941 1434 -·
1965 1395 2185 1456 Tua-bat
2230 1407 2363 1448 sane
2394 1401 2446 1445 et

1446 1479 1710 1550 deprimit
1758 1479 1898 1532 haec
1959 1480 2239 1533 historica
2290 1478 2445 1549 quasi

1447 1563 1757 1618 observatio
1830 1574 2032 1634 poetae
2109 1563 2447 1618 sublimioris

1447 1651 1705 1719 spiritum
1736 1657 1792 1702 et
1813 1648 2120 1717 impetum;
2164 1648 2267 1701 sed
2301 1648 2448 1700 haud

1449 1735 1647 1801 dubie,
1732 1721 1833 1787 cui·
1891 1750 2017 1787 eam
2074 1733 2447 1804 adspergeret,

1449 1820 1734 1891 graviores
1772 1835 1966 1872 causas
2007 1828 2179 1890 poeta
2223 1818 2446 1882 habuit3

1451 1905 1565 1959 sive
1590 1903 1741 1973 quod
1769 1890 2040 1976 disputari
2056 1914 2182 1957 tum
2207 1903 2450 1956 multum

1450 1990 1668 2044 solebat
1705 1992 1922 2044 Romae
1952 1990 2020 2041 de
2060 1989 2249 2059 prima
2282 1988 2449 2040 moris

1452 2075 1635 2139 illius,
1692 2090 1805 2143 quo
1846 2069 2125 2128 Vindelici
2168 2073 2448 2126 securibus

1455 2161 1516 2213 in
1550 2158 1696 2213 bello
1727 2168 2040 2228 uterentur,
2084 2159 2337 2229 origine,
2378 2157 2452 2210 si-

1456 2260 1528 2298 ve
1548 2244 1699 2314 quod
1726 2243 2166 2310 vindelicorum,
2213 2243 2312 2314 qui
2338 2241 2450 2295 vul-

1458 2347 1530 2401 go
1560 2331 1866 2399 securigeri
1905 2329 2171 2401 appellati
2216 2344 2332 2381 esse
2373 2327 2451 2380 vi-

1460 2415 1684 2480 dentur,
1726 2415 1927 2468 addere
1956 2418 2014 2467 et
2028 2413 2451 2467 circumscribe-

1459 2517 1524 2553 re
1556 2501 1783 2553 omnino
1825 2500 2061 2553 debebat
2102 2515 2449 2568 cognomen;

1461 2586 1576 2639 sive
1603 2585 1750 2655 quod
1781 2585 1850 2638 ab
1878 2587 2125 2658 Augusto
2168 2582 2337 2636 huius
2376 2572 2484 2634 rei*

1459 2670 1520 2724 in
1549 2670 1657 2722 hoc
1689 2666 1938 2723 carmine
1981 2669 2331 2722 mentionem
2372 2667 2454 2719 fa·

1462 2772 1591 2807 cere
1620 2756 1792 2808 iussus
1822 2756 2038 2819 fuerat3
2081 2754 2196 2806 sive
2222 2752 2374 2825 quod
2392 2768 2454 2803 ex

1460 2840 1606 2907 alia„
1694 2858 1864 2909 quam
1913 2856 2064 2892 nune
2117 2839 2452 2908 ignoramus,

1461 2943 1631 2979 eausa
1657 2924 1822 2977 huius
1855 2925 1938 2978 rei
1971 2921 2452 2985 commemoratio-

1462 3028 1597 3075 nem
1638 3028 1755 3062 non
1808 2996 1974 3065 facile
2015 3008 2454 3078 praetermittere

1463 3103 1736 3165 poterat.‚
1789 3098 1874 3148 Ne
1901 3090 2114 3147 inulta!
2161 3093 2253 3145 vix
2302 3091 2455 3143 dubi-

1464 3180 1578 3233 tari
1604 3189 1799 3251 potest,
1838 3180 1974 3250 quin
1995 3179 2056 3231 hi
2077 3195 2286 3243 versus,
2332 3191 2457 3245 quos

1468 3265 1553 3318 Cl.
1597 3267 1720 3316 Iani
1771 3266 1834 3316 in
1880 3263 2168 3335 peculiari
2210 3263 2286 3315 ad
2331 3259 2458 3315 h.1.

1465 3352 1716 3404 Excursu
1748 3359 1813 3401 ut
1836 3349 2051 3447 spurios
2082 3358 2140 3401 et
2185 3365 2214 3400 e
2261 3346 2460 3415 margi·

1468 3452 1540 3487 ne
1585 3443 1798 3489 temere
1835 3420 1895 3488 in
1939 3443 2159 3486 textum
2196 3433 2460 3500 importa-

1468 3528 1556 3571 tos
1605 3502 1861 3586 damnat,
1930 3521 2001 3572 ab
2057 3519 2177 3588 ipso
2217 3516 2461 3570 Horatio

1468 3604 1711 3673 profecti
1770 3603 1897 3673 sint.
2006 3603 2263 3656 Extitisse
2323 3599 2462 3652 enim

1469 3689 1736 3758 aliquem,
1777 3690 1874 3758 qui
1910 3688 2123 3759 ingenii
2153 3686 2239 3739 sui
2292 3693 2462 3736 osten-

1467 3772 1627 3827 tandi
1684 3792 1849 3826 causa
1919 3759 2194 3827 eiusmodi
2249 3778 2463 3822 senten-

1468 3860 1609 3911 tiam
1638 3858 1888 3913 numeris
1924 3858 2251 3915 adstrictam
2268 3842 2278 3881 ³
2296 3865 2464 3908 textus

1468 3945 1760 3998 Horatiani
1779 3928 2035 4016 'margini
2060 3942 2342 4006 allineret,
2384 3942 2463 3992 Iu·

1470 4028 1639 4082 daeus
1680 4030 1888 4099 Apella,
1932 4044 2048 4080 non
2085 4044 2211 4097 eg0,
2259 4025 2462 4079 credat.

1468 4141 1556 4153 —-
1578 4117 1693 4193 sed,
1732 4116 1787 4168 h.
1817 4133 1865 4168 e.
1895 4123 1959 4166 ut
1980 4113 2149 4166 missa
2178 4112 2364 4191 igitur
2391 4110 2461 4162 ia-
