2558 4757
352 230 479 296 432

818 287 824 294 .
910 217 1001 310 Q.
1061 217 1519 288 noRA'rn
1572 218 1961 288 Ftaccl

454 394 714 495 Neque
753 390 903 466 hoc
951 411 1327 493 parentes,
1379 388 1764 469 heumihi
1814 367 2277 493 superstites!

679 512 1037 613 Effugerit
1086 512 1622 613 spectaculum.-
2208 573 2213 580 .

1031 687 1560 828 -cARMEN
1610 748 1737 827 v1.

453 915 718 1059 Quid
739 959 1181 1060 inmerentes
1227 929 1558 1059 hospites
1606 983 1862 1062 vexas,
1914 956 2134 1054 canis,

681 1079 997 1181 Ignavus
1048 1079 1436 1157 adversum
1485 1077 1813 1180 lupos?

454 1198 660 1288 Quin
709 1197 862 1275 huc
910 1201 1198 1297 inance,
1248 1200 1315 1278 si.
1350 1207 1614 1324 potes,
1665 1197 1883 1273 vertis
1933 1198 2184 1289 minas,

455 1397 460 1404 .
565 1409 578 1413 -
679 1319 777 1398 Et
822 1349 943 1397 me
993 1346 1493 1397 remorsurum
1539 1316 1747 1420 petis.

348 1512 661 1585 accipitres,
687 1515 928 1583 milvius,
958 1525 1176 1583 corvos,
1217 1523 1351 1571 cett.

348 1599 410 1653 in
434 1600 666 1671 regione
708 1600 812 1668 illa
851 1601 925 1654 ad
966 1609 1222 1655 montem
1250 1603 1353 1655 Es-

344 1684 651 1757 qualinam,
691 1686 791 1738 ubi
816 1686 1087 1756 supplicia
1122 1705 1155 1739 a
1195 1687 1354 1742 dam-

348 1765 498 1822 natis
558 1771 952 1839 sumebantur,
1040 1772 1357 1825 circumvo-

318 1848 602 1934 ¹litantes,
648 1866 705 1909 et
744 1858 995 1927 proiecta
1036 1858 1355 1912 occisorum

349 1939 587 2010 corpora
640 1941 991 1995 dilaniantes.
1033 1959 1116 1984 ...e
1155 1944 1357 2013 Numae

349 2027 455 2086 hoc
483 2037 697 2095 putent.
720 2028 863 2080 heu!
902 2030 1044 2080 mihi
1067 2029 1351 2097 sapere-tlt.

346 2113 560 2179 Εὔας(
604 2125 775 2182 spect.
887 2112 1052 2182 Quod
1121 2114 1353 2182 quidem

345 2194 688 2266 poendrum,
736 2214 771 2250 a
806 2197 1054 2250 scelestis
1085 2197 1352 2253 veneficis

348 2282 754 2351 expetiturum,
821 2283 1207 2353 spectaculum
1250 2299 1353 2353 pa·

344 2366 599 2421 ‘rentibus
657 2366 826 2437 meis,
884 2367 998 2421 heu
1034 2368 1180 2421 tristi
1221 2385 1350 2423 meo

333 2453 466 2505 fato
493 2454 879 2523 superstitibus
895 2492 912 2521 ,
956 2453 1181 2507 accidet
1222 2471 1352 2525 gra-

341 2537 624 2591 tissimum
638 2558 655 2604 ;
700 2538 759 2597 h.
791 2556 840 2591 e.
870 2549 1132 2609 parentes
1161 2547 1354 2592 autem

343 2623 463 2675 mei
510 2624 834 2697 superstites
893 2622 961 2675 de
1004 2623 1114 2676 hac
1153 2625 1354 2695 ‘gratia

237 2754 238 2757 ,
344 2707 591 2761 scelestis
620 2708 883 2763 veneficis
923 2708 1106 2762 relata
1142 2709 1355 2780 gaude..

344 2791 504 2847 bunt.
545 2814 548 2821 ·

585 2941 969 3006 CARMEN
1018 2942 1115 3005 v1.

437 3053 654 3106 Contra
710 3049 1001 3105 bominem
1064 3051 1351 3124 quendam

344 3137 689 3190 maledicum
707 3174 724 3204 ,
791 3135 997 3207 ignavo
1033 3136 1351 3208 pusilloque

343 3216 531 3276 aniino
561 3239 652 3275 eos
682 3229 909 3274 tanturn
926 3260 944 3290 ,
997 3239 1136 3294 quos
1157 3239 1214 3276 se
1240 3223 1351 3274 im-

313 3324 491 3385 pune
527 3307 727 3362 rodere
768 3320 929 3376 posse
981 3307 1202 3384 sciret,
1240 3324 1351 3378 pe..

341 3402 557 3448 tentem
575 3433 591 3463 ,
630 3392 936 3445 minaciter
959 3402 1125 3463 poeta
1154 3409 1350 3446 exsur-

339 3479 444 3549 git.
572 3480 883 3548 Comparat
938 3486 1129 3531 autem
1179 3479 1350 3530 istum

338 3562 633 3619 hominem
692 3581 825 3617 eum
877 3562 1153 3616 eiusmodi
1210 3580 1349 3618 cane

340 3647 645 3720 degenere,
699 3647 796 3720 qui
832 3663 1079 3720 quosque
1119 3647 1351 3718 quidem

338 3732 446 3789 sibi
475 3734 668 3786 obvios
690 3735 811 3786 sine
838 3733 996 3787 omni
1026 3732 1349 3786 discrimine

339 3818 606 3871 ferociter
632 3817 875 3885 allatret,
917 3818 1014 3871 sed
1040 3817 1159 3890 ipse
1201 3816 1349 3888 peti·-

340 3912 436 3956 tus
462 3902 659 3958 timide
686 3903 951 3974 refugiat,
1007 3904 1097 3958 vel
1129 3903 1347 3958 obiecto

341 3989 469 4042 cibo
513 3988 711 4044 statim
753 3986 1049 4057 placetur;
1104 4006 1164 4041 se
1209 4005 1347 4042 vero

341 4091 476 4127 cum
504 4076 572 4128 iis
607 4072 836 4125 canibus
879 4073 1346 4144 generosioribus,

340 4159 471 4231 «fui,
542 4174 683 4232 quas
726 4157 900 4212 semel
962 4158 1070 4212 sibi
1118 4158 1350 4214 infestas

1434 1515 1582 1570 feras
1609 1520 1840 1585 petunt,
1883 1512 1945 1565 in
1976 1506 2048 1566 iis
2082 1508 2359 1583 urgendis
2394 1517 2447 1562 et

1434 1598 1832 1671 persequendis
1862 1599 2092 1652 fortiter
2124 1596 2444 1668 persistunt.

1436 1689 1637 1770 Monet
1674 1684 1856 1756 igitur
1913 1685 2085 1736 istum
2136 1682 2443 1749 hominem,

1438 1783 1509 1823 ne
1562 1776 1777 1823 temere
1812 1781 1886 1822 se
1938 1769 2212 1832 lacessat,
2289 1765 2442 1832 dum,

1439 1857 1631 1909 demta
1655 1854 1809 1908 canis
1832 1854 2114 1925 imagine,
2172 1850 2441 1904 eiusmodi

1421 1941 1501 1995 ‘ei
1521 1942 1776 1994 minatur
1801 1940 2034 2003 iambos,
2079 1938 2276 2009 quales
2309 1937 2441 1990 olim

1435 2026 1804 2081 Archilochus
1861 2025 1925 2077 in
1970 2024 2332 2094 Lycamben,
2387 2030 2445 2073 et

1418 2113 1731 2182 ‘Hipponax
1757 2111 1818 2162 in
1861 2110 2151 2179 Bupalum
2192 2105 2441 2161 vibrave-

1414 2199 1530 2250 ·rit.
1555 2224 1645 2238 —-
1676 2196 1859 2265 Vulgo
1892 2188 2024 2247 hoc
2080 2211 2317 2247 carmen
2377 2189 2440 2244 Ῐη

1439 2282 1688 2334 Cassium
1768 2283 2021 2333 Severum
2097 2249 2443 2346 inscribitur,

1436 2368 1531 2422 sed
1582 2366 1734 2438 quod
1781 2380 1950 2436 supra
1999 2365 2072 2419 ad
2107 2318 2446 2422 huiusdffiri

1437 2468 1669 2508 carmen
1686 2461 1949 2523 quartum
1978 2452 2049 2505 de
2067 2454 2194 2505 Sex.
2218 2451 2444 2517 Maena,

1440 2540 1690 2609 Pompeii
1715 2539 1925 2604 liberto,
1971 2537 2062 2589 cui
2088 2520 2235 2588 illud
2275 2534 2443 2606 vulgo

1437 2625 1798 2690 inscribitur,
1869 2622 2220 2689 monuimus,
2293 2621 2443 2672 idem

1438 2728 1593 2764 nunc
1635 2710 1705 2762 de
1755 2709 1946 2760 Cassio
2009 2710 2214 2759 Severo
2274 2706 2442 2758 valet.

1440 2795 1657 2867 Quodsi
1689 2793 1844 2846 enim
1881 2793 2146 2846 Horatius
2174 2792 2290 2845 hoc
2322 2805 2439 2843 car·

1439 2897 1572 2935 rnen
1600 2896 1732 2933 cum
1762 2878 2168 2949 inscriptiones
2215 2879 2289 2927 In
2317 2876 2442 2928 Cas-

1435 2970 1579 3019 sium
1609 2969 1866 3018 Severum
1894 2964 2255 3033 publicasset,
2298 2960 2439 3014 baud

1434 3052 1601 3106 dubie
1621 3052 1809 3120 ipsum
1831 3049 2076 3103 Cassium
2099 3049 2163 3100 in
2183 3048 2300 3099 hoc
2324 3062 2438 3099 car-

1433 3139 1590 3190 mine
1658 3135 1999 3206 appellasset.
2098 3132 2237 3187 Sine
2273 3132 2436 3185 dubio

1433 3222 1611 3294 igitur
1642 3221 1806 3274 huius
1847 3216 2111 3272 carminis
2150 3216 2437 3287 inscriptio

1432 3307 1616 3362 veteri
1643 3301 1868 3359 cuidarn
1898 3303 2247 3361 scholiastae
2280 3302 2438 3355 debe-

1433 3403 1547 3462 tur,
1589 3393 1707 3462 qui,
1748 3406 1882 3444 cum
1906 3384 2069 3460 apud
2109 3388 2297 3441 Tacit.
2334 3389 2438 3440 An·

1420 3479 1549 3535 nal.
1574 3479 1621 3536 I.
1653 3477 1739 3530 72.
1779 3487 1838 3529 et
1876 3475 1965 3529 Iv.
2011 3476 2101 3531 21.
2192 3474 2438 3524 Cassittm

1437 3567 1709 3618 Ssverwn‘
1749 3561 2040 3615 hominem
2099 3557 2437 3613 maledicen-

1432 3648 1716 3702 tissimum
1735 3646 1906 3700 fuisse
1930 3644 2178 3716 legisset,
2210 3658 2273 3695 se
2295 3638 2453 3710 eum,t

1431 3733 1495 3787 in
1520 3749 1687 3805 quem
1712 3732 1984 3802 scriptum
2009 3738 2151 3787 esset
2176 3729 2291 3781 hoc
2321 3745 2434 3781 car-

1432 3832 1564 3871 men
1592 3819 1661 3870 ab
1695 3817 1928 3871 Horatio
1945 3848 1964 3886 ,
2018 3812 2305 3868 invenisse
2339 3830 2435 3883 pu-

1431 3903 1591 3959 tavit.

1517 4008 1570 4044 v.
1617 3982 1814 4040 1--4.
1869 3989 2210 4039 inmerente-‚⁹5
2252 3986 2434 4054 hospi-

1431 4088 1546 4141 tes„
1611 4073 1918 4126 maledicus
1955 4071 2135 4142 igitur
2183 4071 2293 4122 iste
2342 4069 2435 4122 ho·

1434 4176 1532 4213 mo
1584 4174 1785 4213 eorum
1833 4158 1972 4214 adeo
2010 4156 2202 4210 bonae
2239 4155 2436 4226 famae,
