2558 4757
358 265 442 336 54

881 261 969 350 Q.
1027 227 1490 327 no‘RA'Til
1538 227 1936 324 &fidem

966 547 1544 694 CARMEN
1645 525 1825 639 XV

467 746 740 802 Neam
782 743 1356 800 vA'r1c1N1vM
1396 745 1520 802 Du
1557 740 1958 800 Ex01n1o
2003 737 2364 813 Taena.

378 894 770 1002 Pastor
823 953 1074 1028 quum.
1103 919 1430 998 traheret
1477 919 1610 1025 pei·
1661 921 1850 996 freta
1902 921 2205 997 navibus

476 1046 725 1122 Idaeis
754 1045 1112 1128 ¹Helenen
1168 1043 1496 1143 perfidus
1543 1029 1929 1146 hospitarii,

614 1253 653 1304 G
670 1253 715 1302 A
730 1251 776 1301 R
794 1249 849 1300 M
865 1250 907 1299 E
928 1246 977 1298 N
1010 1247 1133 1299 XV.-

415 1335 652 1390 'Nereus
670 1370 686 1402 ,
735 1335 869 1387 deus
910 1332 1159 1385 marinus
1175 1374 1188 1397 ‚
1225 1334 1380 1385 Pari-

341 1459 344 1464 ·
373 1417 504 1478 dem
526 1424 586 1475 in
611 1421 756 1476 mari
796 1437 928 1492 cum
969 1427 1132 1487 rapta
1166 1419 1381 1472 Helena

371 1528 600 1572 cursum
615 1511 673 1563 in
697 1507 943 1578 patriam
965 1504 1381 1559 accelerantem

373 1593 759 1679 conspicatus,
820 1607 1142 1661 compresso
1190 1593 1411 1646 statim·

373 1682 447 1736 ad
498 1682 847 1738 audientiam
905 1679 1012 1732 sibi
1061 1679 1383 1739 faciendam

373 1777 673 1823 ventorum
694 1786 1007 1835 murmure,
1036 1761 1228 1834 triste,
1269 1779 1381 1836 quo

374 1837 571 1926 ingens
606 1855 1260 1912 Graecorum.exercitus
1295 1869 1386 1904 ra·

374 1950 507 2011 ptae
545 1945 793 1999 Helenae
841 1941 1181 2014 repetendae
1220 1955 1388 1993 causa

375 2029 607 2083 Troiam
701 2038 1119 2103 oppugnaturus
1216 2035 1387 2095 atque

379 2130 669 2169 eversurus
729 2128 900 2185 esset,
971 2115 1188 2170 bellum
1239 2111 1389 2166 ceci-

374 2199 521 2252 nisse
568 2203 818 2274 fingitur.
842 2234 914 2244 -—
948 2205 1180 2256 Poetam
1224 2214 1388 2269 grae-

375 2295 508 2340 cum
553 2289 613 2341 in
653 2291 764 2345 hoc
804 2290 1052 2343 carmine
1098 2287 1390 2357 expressis-

375 2392 435 2427 se
471 2377 797 2446 Horatium,
835 2395 968 2430 cum
1009 2393 1075 2429 ex
1104 2375 1227 2445 ipso
1266 2373 1387 2426 eius

376 2474 742 2543 argumento,
779 2465 1109 2535 frequenter
1141 2478 1175 2512 a
1203 2459 1386 2532 poetis

376 2550 593 2617 graecis
639 2558 915 2615 tractato,
982 2558 1106 2600 tum
1152 2565 1218 2599 ex
1252 2550 1388 2598 Por-

376 2633 661 2703 phyrionis
718 2636 993 2689 evincitur
1040 2633 1388 2693 testimonie,

379 2723 504 2791 qui:
554 2726 662 2777 Ιιαο
702 2726 804 2779 ode
819 2760 837 2790 ,
884 2720 1100 2791 inquit,
1136 2724 1390 2789 Bacchy-

377 2809 543 2885 Iidem
569 2812 851 2868 imitatur-5
899 2828 1025 2860 nam
1051 2821 1111 2859 ut
1139 2810 1231 2860 ille
1261 2815 1390 2861 Cas-

379 2896 638 2947 sandram
665 2895 818 2965 facit
864 2897 1161 2948 vaticinari
1184 2896 1390 2966 futura

379 2980 510 3032 belli
538 2984 781 3046 Troiani,
819 2984 903 3033 ita
927 2983 1018 3032 hic
1043 2985 1172 3040 Pro
1189 2996 1387 3034 teum.

379 3066 659 3134 (Scribere
703 3066 886 3119 voluit
931 3068 997 3120 N
1005 3067 1287 3131 ereum.)
1320 3084 1402 3105 -ν

377 3155 495 3204 Iam
517 3170 651 3206 vero
670 3156 803 3205 'cum
829 3151 1156 3203 vaticinium
1186 3150 1393 3203 edituri

377 3237 580 3294 altiore
623 3239 825 3308 spi-ritu
851 3234 1162 3307 cisni-gere,
1201 3245 1256 3288 et
1298 3253 1389 3288 re-

314 3354 321 3359 ·
379 3337 514 3377 rum
539 3324 871 3377 futurarum·
890 3323 1196 3393 imaginem
1217 3322 1391 3376 subli-

382 3409 563 3463 miore
583 3398 740 3480 quasi
771 3409 960 3463 animo
989 3409 1289 3476 concipere
1302 3424 1388 3459 so-

378 3494 565 3563 leant3
619 3497 823 3564 facile,
888 3513 991 3549 cur
1034 3504 1269 3566 poetae,
1319 3494 1392 3546 ad

379 3582 778 3635 sublimitatem
821 3582 1166 3651 adspirantes
1184 3620 1199 3647 ,
1248 3582 1391 3634 vatis

379 3686 543 3738 saepe
568 3686 866 3737 personam
889 3669 1189 3737 induerint,
1223 3668 1392 3720 intel-

378 3755 481 3827 ligi·
530 3764 732 3825 potest.
810 3759 931 3818 Quo
976 3750 1155 3825 magis
1199 3764 1392 3806 autem

378 3842 489 3894 hoc
507 3841 576 3893 de
610 3840 828 3893 excidio
840 3842 1044 3907 Troiae
1064 3840 1392 3893 vaticinium

381 3926 875 3981 accommodatum
946 3936 1087 3980 esset
1152 3925 1392 3993 carmini

379 4017 595 4086 lyrico,
654 4033 720 4068 eo
786 4013 1039 4083 cupidius
1092 4012 1235 4066 illud
1283 4013 1390 4066 sibi

377 4101 738 4155 tractandum
790 4087 818 4109 ¹*
839 4101 1032 4153 sumsit
1108 4099 1386 4166 Horatius,

378 4205 548 4260 quem
593 4187 820 4259 quidem
859 4204 955 4253 e0‚
1011 4185 1160 4257 quod
1200 4187 1384 4238 Nereo

1456 1247 1741 1317 inprimis,
1765 1247 1980 1300 ‘sedem
2022 1261 2181 1298 tuam
2216 1244 2279 1298 in
2324 1244 2462 1298 mari

1459 1339 1709 1404 Aegaeo,
1743 1335 1913 1405 -q'uod
1954 1334 2140 1388 Paridi
2167 1341 2463 1384 “transeun-

1462 1421 1600 1474 dum
1622 1430 1745 1475 erat
1761 1460 1777 1486 ‚
1823 1420 2084 1488 habenti,
2112 1417 2463 1478 vaticinantis

1458 1517 1649 1580 partes
1688 1508 2057 1579 delegaverit,
2108 1503 2338 1576 egregie
2383 1520 2464 1554 ar·

1465 1604 1734 1666 gumento
1760 1611 1861 1646 suo
1890 1591 2255 1656 consuluisse,
2312 1590 2466 1660 quili-

1466 1682 1565 1735 bet
1591 1680 2013 1734 animadvertet.
2048 1681 2343 1746 Compara,
2379 1675 2466 1745 qui

1467 1770 1737 1822 Nostrum
1748 1768 1995 1820 imitatus
2008 1773 2108 1833 est,
2124 1768 2260 1819 Stat.
2273 1761 2466 1816 achill.

1470 1860 1514 1911 Ι.
1538 1858 1625 1911 20.
1654 1871 1808 1927 seqq.

1538 1960 1591 1996 v.
1626 1952 1808 2003 1—4.
1853 1945 2090 2004 Pastor,
2139 1936 2328 2005 Paris,
2377 1936 2467 2005 qui

1466 2029 1529 2082 in
1565 2037 1758 2080 monte
1797 2026 1897 2079 Ida
1941 2034 1999 2077 et
2031 2023 2301 2077 educatus
2333 2030 2412 2074 est
2439 2039 2467 2073 a

1467 2115 1812 2186 pastoribus,
1862 2121 1919 2165 et
1944 2111 2063 2181 ipse
2105 2127 2248 2180 puer
2293 2108 2469 2160 adhuc

1469 2201 1646 2255 vitam
1667 2200 2015 2271 pastoritiam
2037 2198 2118 2249 ibi
2142 2197 2298 2267 degit
2316 2233 2332 2261 ,
2369 2216 2467 2268 pa<-

1470 2297 1586 2343 διον*
1604 2291 1877 2359 Phrygius
1907 2287 2116 2340 dicitur
2138 2285 2294 2355 Virg.
2341 2285 2467 2334 Aen.

1470 2378 1587 2429 VII.
1611 2383 1733 2437 868.
1753 2385 1808 2429 et
1815 2391 2010 2451 pastor
2023 2375 2326 2430 Dardanus
2343 2374 2469 2423 Stat.

1470 2463 1607 2518 Aah.
1656 2466 1695 2515 Ι.
1740 2471 1829 2523 20.
1882 2462 1956 2516 cf.
2011 2457 2337 2531 Apollodor.
2384 2461 2468 2510 111.

1426 2568 1431 2577 ”
1474 2540 1560 2611 12-Ἴ
1590 2556 1638 2609 5·
1666 2548 1863 2619 Hygin.
1889 2548 2021 2601 Fab.
2050 2547 2469 2608 912--traheret

1472 2636 1528 2690 h.
1549 2653 1595 2690 e.
1613 2643 1677 2688 ut
1691 2643 1913 2703 raptam
1924 2649 2116 2687 secum
2134 2632 2437 2686 abduceret
2451 2651 2466 2697 3

1469 2721 1728 2791 sequitur
1755 2723 1956 2774 Noster
2001 2736 2126 2786 eos,
2177 2720 2279 2791 qui
2313 2720 2469 2771 Hele-

1472 2798 1607 2859 nam
1631 2806 1866 2859 invitam
1891 2816 2141 2861 secutam
2170 2822 2289 2858 esse
2330 2805 2470 2856 Pari-

1475 2893 1606 2946 dem
1631 2892 1888 2959 tradunt3
1925 2893 2058 2946 hinc
2085 2892 2205 2962 ipsa
2232 2891 2308 2943 ad
2329 2892 2474 2944 Pari-

1473 2981 1605 3032 dem
1643 2980 1792 3050 apud
1837 2978 1992 3031 Ovid.
2030 2974 2160 3031 Her.
2192 2981 2364 3031 XVII.
2392 2988 2470 3038 21.

1472 3068 1551 3119 sic
1597 3067 1819 3120 scribit:
1870 3073 1989 3131 An,
2037 3069 2168 3137 quia
2192 3067 2475 3118 vimmobis

1473 3157 1781 3226 Neptunius
1804 3155 1993 3205 attulit
2017 3156 2173 3204 heros
2186 3173 2206 3213 ,⁶
2218 3162 2228 3167 *
2240 3159 2297 3204 R
2313 3173 2396 3224 ap
2409 3168 2474 3205 ta

1471 3244 1638 3294 semel
1649 3280 1663 3306 ‚
1714 3244 1904 3295 videor
1940 3241 2022 3292 bis
2067 3258 2274 3312 quoque
2311 3242 2475 3311 digna

1472 3330 1679 3399 rapi?
1711 3355 1784 3367 --
1819 3329 2037 3399 Idaeis,
2084 3324 2378 3379 fabricatis
2411 3341 2475 3377 ¹eit

1472 3412 1628 3483 ligno
1669 3411 1726 3463 in
1768 3419 1968 3463 monte
2015 3410 2114 3463 Ida
2167 3412 2371 3464 exciso.
2410 3441 2472 3451 --

1466 3496 1745 3571 perfidus,
1781 3499 1987 3551 violata
2020 3497 2256 3567 hospitii
2285 3497 2399 3549 fide
2424 3508 2475 3549 et

1472 3583 1796 3647 sanctitate;
1831 3616 1848 3623 -
1871 3584 2003 3636 hinc
2052 3585 2264 3665 Helena
2331 3584 2473 3654 apud

1476 3671 1627 3725 ovid.
1655 3671 1694 3723 l.
1719 3671 1759 3725 l.
1788 3689 1840 3723 v.
1859 3679 1912 3730 4.
1937 3677 2120 3724 Ausus
2144 3692 2219 3738 es,
2254 3676 2477 3744 hospitii
2507 3738 2508 3743 ¹

1474 3762 1781 3824 temeratis,
1825 3761 2038 3811 advena
2055 3794 2070 3823 ,
2119 3763 2318 3824 sacris,
2365 3765 2472 3810 Le·-

1472 3848 1724 3917 gicimam
1737 3858 1940 3913 nuptae
1954 3840 2249 3896 sollicitare
2261 3846 2435 3913 fidem
2450 3848 2472 3896 Ρ

1472 3960 1544 3971 ·--
1566 3936 1779 4004 Ingrac.
1813 3931 1908 3983 cel.
1936 3930 2045 3981 οὖν.
2081 3944 2153 3982 οι.
2198 3930 2254 3982 h.
2286 3947 2331 3983 e.
2361 3932 2471 3981 Ne-

1471 4033 1631 4081 reus,
1670 4022 1732 4066 ut
1760 4015 1985 4067 auribus
2027 4015 2243 4084 percipi
2276 4024 2472 4085 posset,
2507 4040 2508 4043 ¹

1472 4101 1623 4171 quod
1655 4108 1884 4152 caneret
1917 4101 2244 4161 vaticinium
2263 4143 2277 4165 ,
2314 4101 2472 4160 silen-

1468 4187 1610 4239 tium
1653 4185 1918 4256 imposuit
1957 4187 2169 4254 ventis,
2221 4204 2336 4239 non
2359 4188 2471 4239 sine
