2558 4757
2151 228 2338 347 487Ι
2447 173 2454 186 ·

178 434 261 447 -
281 434 371 447 -
400 406 666 472 Maricus,
703 404 878 473 Sulla,
915 403 1187 460 Lucullus
1227 410 1286 456 et
1312 400 1608 456 Sertorius.
1671 401 1994 468 Recensuit,
2037 401 2277 472 explica-

261 492 365 564 vit,
400 491 766 562 chronologia
792 508 986 544 rerum
1033 483 1499 546 memerahilium
1530 487 1920 570 iudicibusque
1954 486 2277 542 necessariis

158 586 166 593 '
258 559 1663 645 instruxitE.H.G.Leopold.81naj.1795.
1766 567 2273 630 1Rthlr.12ffi·.

175 659 281 716 Th
298 681 336 716 ιι
356 680 435 733 cy
452 662 521 714 d
503 681 523 714 1
538 661 645 715 dis
687 662 758 715 de
804 662 956 715 bello
981 659 1502 736 Peloponnesiaco
1489 658 1624 711 libri
1649 663 1797 715 VIII.
1834 660 1903 712 ad
1928 659 2275 729 optimorum

261 748 532 802 codicum
568 747 772 816 fidem,
840 747 1103 828 adhibitis
1141 746 1442 799 doctorum
1482 744 1732 801 virorum
1779 745 2270 816 observationibus,

259 833 573 902 recensuit,
619 821 965 890 summariis
1012 841 1071 884 et
1112 832 1259 885 notis
1299 830 1625 897 illustravit,
1696 833 2017 899 iudicesque
2077 850 2272 885 rerum

259 928 320 972 et
363 921 671 971 verborum
710 919 917 973 adiecit
941 918 1079 971 Chr.
1108 917 1297 971 Fried.
1325 915 1485 969 Ferd.
1521 917 1801 973 Haackius
1818 954 1835 985 ‚
1877 919 2086 986 Gymn.
2111 905 2272 970 Sten-

259 998 375 1059 dal·
405 1007 635 1059 Rector.
658 1004 782 1058 Vol.
809 1006 858 1061 Ι.
896 1006 987 1058 ΙΙ.,
1012 1003 1196 1070 8maj.
1242 1001 1400 1055 1820.
1617 1021 1652 1048 s
2021 995 2061 1054 4
2084 1003 2266 1059 Rthlr.

170 1089 636 1158 Thucydidis
685 1090 754 1143 de
786 1089 941 1155 bello
980 1086 1449 1157 Peloponnesiaco
1492 1086 1627 1141 libri
1657 1089 1805 1141 VIII.
1850 1098 2055 1159 graece
2095 1088 2268 1156 edidit

260 1174 473 1260 Godof.
524 1174 755 1228 Seeho
774 1174 872 1228 de
956 1178 1122 1229 Tom.
1153 1175 1198 1228 Ι.
1256 1175 1563 1226 Textum
1613 1181 1803 1227 cont.
1864 1173 1899 1226 8
1927 1174 2061 1240 maj.
2110 1171 2264 1228 1815.

283 1307 290 1310 „
1789 1259 1819 1310 l
1848 1257 2036 1315 Rthlr.
2081 1258 2123 1312 6
2156 1261 2262 1315 Gr.

139 1288 685 1415 ‘Xenophontis
726 1362 872 1416 quae
920 1353 1154 1400 exstant.
1199 1341 1324 1398 Ειι
1364 1342 1645 1398 librorum
1674 1343 2010 1414 scriptorum
2058 1344 2168 1402 fide
2205 1354 2263 1399 et

250 1430 505 1484 virorum
541 1430 842 1485 doctorum
882 1430 1219 1486 coniecturis
1249 1430 1437 1484 denuo
1469 1430 1750 1483 recensuit
1777 1437 1836 1481 et
1860 1429 2260 1501 interpretatus

169 1557 203 1584 Α,
249 1524 338 1569 est
389 1518 481 1570 Io.
538 1516 866 1570 Gottlob
925 1516 1386 1586 Schneider,
1449 1516 1644 1572 Saxo.
1702 1516 1800 1584 VI
1818 1516 2002 1568 Tomi.
2055 1516 2090 1569 8
2123 1517 2257 1583 maj.

1732 1576 1802 1654 10
1828 1601 2012 1653 Rthlr.
2057 1602 2127 1654 12
2153 1603 2254 1655 Gr.

185 1743 206 1750 ,
342 1690 409 1764 Τ.
442 1688 489 1742 I.
520 1634 589 1742 de
619 1688 751 1759 Cyri
778 1635 1090 1759 disciplina.
1155 1688 1314 1741 Libri
1336 1688 1483 1746 VIII.
1546 1683 1701 1741 1815.
1787 1685 2021 1766 231thlr.
2065 1687 2136 1741 12
2151 1688 2254 1746 Gr.

75 1841 78 1844 A
157 1771 379 1827 Fisch
398 1773 539 1843 eri,
599 1775 680 1827 10.
710 1774 896 1842 Frid„
952 1773 1408 1828 Commentarius
1451 1773 1513 1826 in
1558 1769 1941 1840 Xenophontis
1974 1774 2257 1841 Cyropae-
2294 1821 2297 1826 .

247 1858 419 1927 diam,
465 1858 644 1912 edidit
677 1861 739 1913 C.
773 1863 839 1913 T.
872 1858 1214 1912 Kuinoel.
1261 1860 1296 1911 8
1323 1859 1455 1925 maj.
1502 1855 1654 1911 1803.
1765 1858 1804 1909 2
1826 1856 2014 1911 Rthlr.
2062 1858 2131 1911 12
2148 1859 2252 1911 Gr.

156 1943 671 2012 Xennphontis
706 1944 1206 1998 Atheniensis
1252 1943 1590 2012 Scripta,
1649 1941 1710 1993 in
1742 1957 1910 1994 ¹usum
1949 1941 2249 2011 lectorum,

241 2029 461 2100 graecis
496 2028 678 2081 litoris
719 2029 1030 2083 tinctorum
1048 2066 1064 2096 ,
1135 2028 1556 2082 commentariis
1599 2027 1671 2078 ad
1712 2041 1905 2080 rerum
1951 2036 2008 2080 et
2049 2027 2252 2082 verbo·
2281 2071 2284 2073 v

240 2131 376 2166 rum
420 2112 855 2185 intelligentiam
894 2114 1174 2167 illustrata
1217 2132 1251 2166 a
1295 2117 1340 2167 B
1328 2102 1480 2191 enj
1502 2111 1696 2165 amin
1744 2113 1818 2163 W
1838 2112 1987 2165 eisk
2006 2130 2071 2183 e,
2121 2115 2250 2169 Vol.

237 2199 270 2252 1
296 2227 386 2240 -
414 2199 505 2279 VI.
581 2194 723 2257 1798
747 2225 835 2243 —
860 2194 1015 2253 1804.
1093 2207 1245 2256 statt
1278 2197 1313 2252 8
1357 2198 1541 2258 Rthlr.
1586 2196 2039 2280 -herabgesetzter
2093 2200 2249 2253 Preis

1745 2278 1784 2336 4
1808 2282 2107 2340 Rthlr.12
2137 2287 2244 2340 Gr·

150 2455 332 2510 ones
351 2436 535 2528 sris,
577 2459 640 2512 c
681 2422 1362 2524 Iulii,comme{1tarii
1419 2415 1490 2510 «ie
1518 2455 1668 2509 beno
1705 2454 1927 2510 canino
1969 2464 2026 2509 et
2070 2455 2240 2513 civffi.
2320 2520 2329 2539 ‚

233 2537 533 2596 Accedunt
560 2534 696 2596 libri
734 2543 806 2596 de
840 2543 992 2596 bello
1021 2543 1427 2611 Alexandrino,
1473 2542 1738 2596 Africano
1770 2550 1842 2594 et
1869 2542 2239 2612 Hispaniensi.

231 2627 282 2679 E
304 2629 630 2682 recensione
644 2632 846 2687 Franc-
870 2627 1274 2699 Oudendorpii.
1358 2627 1445 2681 Ad
1469 2643 1637 2685 usum
1663 2626 2017 2681 Scholarum.
2053 2628 2255 2698 8maj.

231 2712 390 2768 1819.
1726 2724 1731 2731 ’
2025 2713 2096 2766 12
2118 2716 2236 2769 Gr.
2322 2730 2341 2753 x

147 2796 586 2867 Ciceronis,
619 2802 716 2854 M.
747 2798 1018 2867 Tullii,
1061 2798 1194 2869 libri
1232 2801 1351 2853 tres
1386 2799 1455 2852 de
1489 2800 1691 2853 natura
1719 2800 2002 2866 Deorum,
2047 2811 2129 2852 ex
2141 2817 2240 2853 re-
2285 2792 2311 2811 ‘'

230 2883 496 2936 censione
538 2888 581 2939 Ι.
622 2887 685 2938 Α.
726 2885 982 2951 Ernesti,
1055 2893 1113 2939 et
1152 2901 1288 2939 cum
1345 2885 1600 2939 omnium
1657 2884 2008 2938 eruditorum
2060 2885 2230 2952 notis,

224 2962 369 3040 quas
406 2971 491 3024 10.
515 2961 733 3027 Davisii
772 2971 944 3023 editio
980 2970 1184 3025 ultima
1218 2971 1409 3024 Imbet.
1491 2970 1723 3024 Accedit
1749 2979 2047 3040 apparatus
2075 2970 2265 3024 criti-

169 3098 180 3103 -
227 3068 358 3120 cus,
412 3071 481 3106 ex
515 3055 757 3126 amplius
784 3058 885 3110 XX
906 3056 1206 3111 Codicibus
1237 3058 1375 3113 Mss.
1416 3056 1669 3129 nondum
1693 3056 1938 3125 collatis,
1982 3056 2231 3127 digestus

118 3187 126 3193 .
223 3138 427 3193 aGeo.
468 3141 611 3195 Heu.
668 3136 931 3209 Mosero'‚
973 3141 1118 3197 Phil.
1155 3142 1227 3198 D.
1268 3149 1326 3194 et
1359 3141 1421 3194 in
1455 3136 1761 3211 Gymnasio
1801 3141 2052 3194 Ulmensi
2095 3145 2228 3196 Pr-o·

219 3221 427 3276 sessore
441 3263 458 3292 ,
518 3226 618 3297 qui
671 3225 827 3279 idem
877 3243 1041 3281 suam
1102 3225 1527 3281 annotationem
1574 3225 1930 3297 interposuit.
2026 3228 2228 3298 Copias

218 3309 444 3363 criticas
487 3312 791 3382 congessit,
834 3313 977 3367 Dan.
1021 3310 1434 3382 Wyttenbachii
1466 3311 1674 3373 selecta
1713 3310 2035 3385 scholarum
2070 3330 2226 3367 suas·
2283 3329 2288 3341 ’
2325 3320 2328 3324 “

217 3402 335 3501 que
372 3395 878 3451 animadversiones
925 3375 1130 3450 adiecit
1172 3396 1491 3451 Friderious
1528 3398 1785 3453 Creuzer.
1828 3398 1862 3449 8
1883 3400 2018 3465 maj.
2066 3399 2223 3452 1818.

1536 3523 1546 3533 .
1730 3483 1766 3537 3
1791 3483 1975 3539 Rthlr.
2024 3484 2092 3538 12
2115 3486 2222 3539 Gr.

131 3560 561 3651 Ciceronis,
626 3568 711 3620 M.
752 3566 1039 3636 Tullii,
1096 3566 1164 3622 de
1199 3560 1418 3623 Natura
1470 3571 1724 3624 Deorum
1768 3568 1903 3622 libri
1940 3577 2090 3638 tres,
2148 3569 2223 3625 ad

213 3649 387 3704 fidem
413 3652 592 3723 Codd.
638 3654 774 3707 Mss.
801 3663 1117 3722 correctos,
1160 3668 1296 3707 cum
1338 3654 1622 3710 variorum
1655 3653 1973 3708 lectionum
1997 3655 2219 3711 delectu

211 3742 271 3787 et
300 3737 481 3805 notis,
526 3754 593 3790 ex
621 3739 973 3792 Creuzeri
1014 3756 1227 3810 suaque
1267 3740 1510 3799 editione
1552 3741 1808 3805 selectis,
1851 3740 1908 3792 in
1953 3757 2121 3794 usum
2145 3739 2219 3794 li-

179 3828 465 3874 -terarum
494 3823 872 3877 studiosorum
900 3823 1075 3877 edidit
1105 3827 1209 3879 Dr.
1244 3827 1453 3880 Moser.
1499 3827 1533 3879 8
1564 3829 1695 3895 maj.
1746 3824 1901 3879 1822.
2014 3826 2082 3878 18
2110 3828 2215 3880 Gr.

124 3905 564 3978 Ciceronis,
607 3911 689 3962 M.
717 3909 988 3978 Tullii,
1013 3910 1313 3969 *orationes
1355 3914 1462 3966 XII
1504 3913 1781 3978 selectae„
1834 3910 1941 3964 mit
1985 3909 2215 3964 histori-

207 3991 414 4060 schen,
482 3993 792 4047 kritischen
831 3995 961 4048 und
1019 3995 1385 4051 erkliirenden
1431 3999 1868 4067 Anmerkungen
1894 4033 1914 4062 ,
1983 4013 2097 4049 von
2126 3999 2209 4061 „A-

201 4077 533 4147 Mssbius,
611 4080 893 4134 Professor
948 4097 1043 4136 am
1094 4082 1470 4154 Gymnasium
1530 4100 1600 4138 zu
1643 4080 1931 4147 Detmold.
1991 4082 2029 4136 2
2072 4082 2210 4136 Bde.

155 4160 168 4242 ζ
201 4179 292 4234 gr.
317 4163 369 4217 8.
417 4163 555 4218 1816
569 4165 753 4223 -22
1664 4168 1667 4171 ’
1710 4170 1738 4222 1
1775 4167 1958 4225 Rthlr.
2002 4165 2072 4221 16
2104 4169 2206 4221 Gr.
2270 4204 2275 4206 v
