2558 4757
380 217 506 302 3014

902 176 1016 302 Q.
1073 212 1530 282 noRATu
1589 207 1976 285 FLAccl

595 382 811 458 Nunc
863 409 1057 455 arma
1109 381 1681 484 defunctumque
1730 386 1925 459 hello

522 538 527 543 ’
618 583 622 587 ,
710 503 1052 576 Barbiton
1105 502 1228 576 hic
1282 506 1515 602 paries
1565 504 1881 598 habebit,

479 624 803 720 Laevum
854 624 1166 698 marinae
1219 626 1348 723 qui
1398 603 1705 698 Ven'eris
1755 624 1940 698 latus

478 742 861 836 Custodit..
945 743 1129 836 Hic,
1181 727 1307 814 hic
1358 742 1608 841 ponite
1655 742 1905 834 lucida

581 864 916 957 Funalia‘,
972 885 1044 937 et
1093 882 1372 953 vectes,
1427 881 1500 936 et
1547 888 1758 937 arcus

709 982 1077 1083 Oppositis
1125 983 1402 1057 foribus
1452 981 1791 1088 minaces».

375 1180 441 1217 ea
470 1164 531 1216 in
561 1161 712 1215 bello
740 1153 991 1231 'gloriam
1026 1163 1203 1215 Marti
1236 1179 1371 1215 con-

372 1266 592 1303 secrare
648 1247 821 1314 solet,
877 1248 961 1299 ita
1000 1247 1372 1317 instrumenta

371 1335 506 1401 illa,
551 1332 753 1404 quibus
785 1332 1002 1384 aditum
1046 1333 1118 1385 ad
1157 1333 1373 1403 puellas

373 1421 481 1473 sibi
502 1417 718 1489 aperire
743 1426 1075 1485 tentaverat,
1099 1426 1373 1489 tanquam

375 1497 723 1572 ἀναθήματα
737 1503 975 1555 solemni
997 1519 1152 1555 more
1168 1502 1376 1556 Veneri

374 1591 608 1643 dedicat.
626 1588 956 1641 ——Videtur
989 1597 1173 1640 autem
1203 1588 1373 1641 huius

374 1676 524 1746 capti
593 1673 814 1728 consilii
880 1689 1047 1726 causa
1114 1673 1374 1744 inprimis

372 1760 545 1815 fuisse
605 1759 811 1827 Chloe,
898 1759 1054 1812 cuius
1122 1769 1373 1812 extremo

324 1861 333 1874 “
373 1863 634 1900 amorum
655 1862 882 1897 suorum
902 1854 1163 1915 tempore
1179 1861 1374 1913 super·

372 1917 527 1984 biam
556 1939 815 2000 expertus
842 1930 1057 1996 fuerat3
1086 1931 1217 1986 hinc
1242 1946 1370 1999 pre-

374 2017 530 2069 cibus
570 2015 642 2068 ad
679 2015 829 2067 illius
856 2016 1238 2084 arrogantiam
1277 2016 1369 2067 ul-

352 2103 688 2154 ciscendam
737 2101 1120 2169 spectantibus
1179 2117 1369 2153 armo-

370 2205 500 2240 rum
536 2203 785 2239 suorum‘
804 2185 1214 2246 dedicationem
1240 2203 1370 2255 per-

370 2272 506 2342 agit.
551 2300 638 2316 ---
683 2272 948 2322 Ceterum
1005 2271 1115 2322 hoc
1184 2280 1371 2323 totum

372 2374 604 2411 carmen
644 2373 710 2409 ex
747 2373 951 2426 graeco
999 2355 1244 2426 quodam
1285 2356 1371 2409 fa.

370 2453 529 2513 ctum
567 2460 680 2495 esse
724 2442 995 2509 latinum,
1038 2442 1253 2494 nemini
1282 2442 1369 2493 fa-

371 2529 514 2597 cile,
571 2544 903 2599 graecorum
945 2536 1244 2594 poetarum
1284 2527 1368 2579 le·

369 2613 555 2666 ctione
582 2614 816 2681 imbute,
859 2611 1093 2689 dubium
1133 2612 1254 2664 erit.

452 2716 505 2752 v.
566 2700 595 2751 1
627 2723 714 2763 ·.···
746 2697 796 2749 8.
861 2696 1092 2767 Co'gita,
1137 2706 1366 2767 poetam

367 2793 502 2836 ante
529 2782 806 2851 templum
835 2782 1062 2854 Veneris
1087 2791 1263 2847 stare,
1308 2790 1366 2834 et

366 2871 514 2923 inter
562 2868 743 2938 ipsam
795 2883 1084 2919 armorum
1133 2884 1365 2923 suorum

366 2953 775 3010 dedicationem
817 2951 928 3004 hoo
967 2948 1191 3004 carmen
1233 2956 1365 3022 pro-

364 3038 658 3093 nunciare.
682 3064 771 3078 —-
799 3038 1058 3101 militavi,
1102 3054 1235 3090 nam
1265 3036 1365 3106 qui

365 3132 598 3191 amant,
644 3114 886 3197 Veneris
940 3123 1028 3174 vel
1061 3122 1364 3192 ,Cupidinis

366 3220 551 3263 castra
591 3209 748 3279 sequi
791 3208 1081 3273 dicuntur3
1136 3196 1199 3259 in
1236 3206 1362 3259 vul-

364 3314 468 3366 gus
484 3303 682 3347 notum
706 3302 787 3344 est
805 3292 950 3345 illud
967 3292 1156 3345 Ovidii
1171 3295 1363 3346 Amor.

361 3382 408 3433 1.
452 3381 503 3432 9.
547 3380 592 3432 1.
667 3379 884 3445 Militat
924 3379 1097 3429 omnis
1145 3394 1358 3441 amans,

312 3524 328 3547 ο
366 3478 423 3517 et
458 3466 621 3517 habet
665 3481 770 3517 sua
808 3476 997 3514 castra
1025 3463 1247 3531 Cupido.
1268 3488 1362 3501 —

368 3569 551 3618 arma,
595 3549 782 3622 qualia
817 3546 917 3611 illa
953 3548 1199 3614 fuerint,
1241 3546 1359 3616 ipse

280 3658 285 3663 ·
366 3634 529 3687 docet
565 3650 617 3687 v.
652 3635 703 3686 7.
740 3663 813 3682 -ψ
852 3633 1170 3701 defunctum
1204 3632 1357 3688 ,bello

366 3716 618 3772 barbiton
643 3719 775 3786 h-he.
819 3735 1054 3771 munere
1076 3736 1196 3784 suo,
1222 3717 1359 3769 dum

274 3860 283 3868 ,
362 3804 503 3859 mihi
537 3804 810 3857 militanti
853 3805 910 3856 h.
941 3821 994 3864 e.
1026 3803 1239 3857 amanti
1267 3819 1361 3854 so·

284 3916 285 3919 ¹
361 3891 563 3956 nabat,
607 3889 1000 3957 perfunctum3
1055 3889 1363 3942 deduxerat

361 3991 564 4046 nempe
589 3974 658 4025 ad
679 3961 862 4042 lyram
885 3974 1080 4027 modos
1101 3962 1359 4038 leviores,

361 4062 478 4114 aive
510 4059 765 4112 carmina
793 4059 1081 4110 amatoria.
1103 4085 1185 4098 —
1212 4059 1361 4110 Lae-

367 4160 489 4198 vum
524 4146 675 4199 man
693 4143 799 4212 qui„
828 4145 957 4201 Ven.
986 4144 1082 4198 lat.
1115 4144 1360 4198 custodit

1454 1162 1513 1216 h.
1559 1180 1607 1217 e.
1660 1161 1916 1232 claudit,·
1969 1161 2182 1227 ambit,
2240 1159 2451 1226 munit;

1454 1265 1560 1318 pro
1582 1249 1854 1320 -vulgarit
1901 1249 2000 1319 qui
2047 1257 2131 1300 est
2159 1245 2252 1298 .vel
2285 1254 2455 1299 stata

1453 1333 1617 1386 laeva
1653 1344 1813 1405 parte
1844 1329 2079 1403 templi,
2123 1332 2186 1386 in
2213 1349 2325 1402 quo
2355 1334 2453 1383 Ve-

1454 1431 1561 1472 nus
1619 1423 1837 1471 marina
1888 1412 2323 1490 (ἄνοςδυομένη,
2381 1417 2448 1469 cf.

1456 1506 1676 1562 Musae.
1706 1500 1941 1570 v.·284.)
1959 1559 1962 1560 ⁷
1981 1503 2208 1555 colitur.
2233 1530 2312 1546 -
2338 1503 2450 1553 lae-

1456 1607 1579 1640 vum
1616 1592 1718 1643 lat.
1773 1589 2004 1642 Veneris
2045 1604 2249 1657 nempe
2279 1587 2447 1638 simu-

1455 1675 1605 1727 lacro
1634 1676 1728 1727 hic
1755 1674 1971 1744 pariesi,
2020 1690 2134 1745 quo
2165 1690 2325 1725 arma
2354 1690 2448 1725 sua

1456 1760 1737 1830 positurus
1774 1769 1925 1826 erat,
1982 1776 2017 1811 a
2062 1758 2255 1824 laeva,
2306 1766 2445 1810 tem-

1458 1845 1621 1913 plum
1655 1862 1787 1898 vero
1817 1843 2157 1897 intrantibus
2187 1861 2220 1896 a
2259 1843 2444 1896 dextra

1452 1930 1622 1982 fuisse
1660 1930 1901 1983 videtur.
1931 1956 2015 1968 -—-
2043 1929 2202 1995 Hic,-
2232 1930 2323 1981 hic
2354 1947 2443 1996 po·
2513 1989 2514 2000 γ

1454 2017 1568 2066 nite
1590 2023 1721 2069 cett.
1752 2010 2054 2084 alloquitur
2077 2013 2439 2088 administro&
2513 2025 2514 2034 ¹

1452 2117 1592 2169 quos
1625 2118 1795 2174 ‘arma
1845 2100 1959 2151 iam
2006 2098 2310 2151 dedicanda
2352 2097 2440 2148 ad·
2513 2081 2514 2140 ἶ

1451 2195 1677 2254 portare
1713 2186 1989 2252 ,iusseram
2052 2184 2275 2252 ponite,
2320 2200 2440 2251 pro·

1451 2271 1572 2340 prie
1605 2271 1676 2334 de
1703 2272 1886 2336 rebus,
1930 2287 2076 2339 quae
2107 2269 2437 2321 dedicantur.

1450 2356 1546 2409 Sic
1603 2355 1836 2409 Ovidius
1888 2358 2081 2411 Amor.
2127 2356 2176 2406 1.
2232 2354 2311 2407 11.
2355 2352 2433 2407 26.

1451 2441 1723 2495 tabella'm
1766 2441 1982 2508 verbiS,
2040 2441 2241 2511 quibus
2292 2447 2435 2507 opta-

1447 2525 1576 2591 bat,
1651 2546 1684 2579 a
1726 2526 1970 2580 Corinna
2025 2525 2324 2594 scriptam,
2355 2541 2432 2585 ,se

1429 2612 1634 2664 ,media
1676 2612 1738 2665 in
1779 2611 2004 2664 Veneris
2058 2610 2198 2664 aede
2246 2627 2434 2677 ponere

1448 2697 1593 2749 velle
1653 2697 1750 2770 ait.
1799 2724 1875 2735 —
1905 2695 2172 2763 funalia,
2237 2694 2429 2761 taedas,

1445 2782 1596 2835 faces
1614 2818 1630 2848 ,
1706 2799 1843 2853 quas
1873 2815 1878 2853 t
1904 2782 2132 2834 iuvenes
2188 2780 2429 2833 comissa-

1444 2866 1620 2921 bundi
1634 2885 1768 2938 prae
1790 2884 1847 2919 se
1866 2867 2139 2921 ferebant.
2153 2894 2235 2906 —-
2246 2877 2427 2932 vectes,

1446 2953 1648 3024 quibua
1694 2951 2013 3020 puellarum
2059 2952 2213 3004 fores
2260 2950 2429 3003 effrin-

1447 3052 1581 3108 gere
1619 3036 1870 3089 solebant
1898 3045 2193 3091 amatore&
2211 3061 2297 3074 ·—
2325 3053 2421 3090 arc.

1448 3140 1641 3191 oppos.
1680 3122 1799 3188 sor.
1847 3123 2121 3189 minaces,
2193 3119 2424 3190 quamvis

1447 3227 1635 3259 arcum
1707 3206 1778 3258 ad
1853 3207 2062 3258 clausas
2127 3205 2422 3275 puellarum

1444 3293 1593 3345 fores
1635 3290 2034 3362 diffringendas
2069 3292 2143 3343 ab
2178 3289 2421 3343 amatori-

1444 3379 1549 3430 bus
1613 3376 1928 3429 adhibitum
1983 3375 2157 3428 fuisse
2221 3374 2421 3427 aliunde

1443 3479 1557 3515 non
1584 3470 1817 3528 constat,
1831 3461 1952 3514 fieri
1965 3471 2156 3514 tamen
2179 3461 2419 3536 potuisse,

1442 3556 1506 3600 ut
1530 3542 1850 3611 amatores,'
1872 3564 2089 3602 summa
2104 3546 2176 3597 ⁴vi
2198 3546 2260 3597 in
2285 3545 2421 3614 puel·

1440 3633 1633 3702 larum,
1667 3632 1828 3684 aedes
1863 3630 2174 3700 irrupturi,
2214 3631 2419 3700 sagitta-

1440 3735 1573 3770 rum
1617 3700 1752 3771 addo
1802 3716 1960 3769 iactu
2024 3716 2240 3768 clausas
2279 3715 2418 3767 sores

1442 3802 1815 3868 diffinderent,
1837 3801 2031 3871 negari
2056 3801 2269 3870 nequit.
2298 3802 2417 3852 Fru-

1440 3898 1556 3963 stra
1582 3887 1758 3958 igitur
1791 3886 1885 3938 hic
1913 3888 2072 3938 locus
2107 3884 2418 3938 sollicitatus

1442 3990 1559 4025 esse
1615 3973 1841 4026 videtin·
1897 3989 1933 4024 a
1985 3972 2326 4038 Cuningamo
2370 3978 2415 4021 et

1440 4060 1693 4111 Bentleio
1710 4095 1725 4123 ,
1799 4074 2039 4126 quorum
2082 4056 2179 4108 hic
2226 4072 2326 4125 pro
2371 4067 2414 4105 et

1441 4161 1605 4197 arcus
1659 4141 1833 4215 paulo
1892 4140 2187 4196 audacius:
2240 4157 2414 4192 secu-
