2558 4757
649 229 1001 299 ecanM.
1063 228 1421 300 L1B.,m.
1482 233 1588 300 25.

2023 183 2028 197 ³
2083 237 2202 300 301

223 403 604 476 Crescunt
658 401 982 475 divitiae:
1037 419 1275 476 tamen

222 585 225 590 .
333 523 600 600 Curtae
653 521 919 597 nescio·
949 518 1127 622 quid
1173 521 1457 620 sempe‘r
1507 523 1703 595 ahest
1752 520 1875 594 rei.

749 773 1243 904 cAaMEN
1289 713 1557 854 xxv,
1602 740 1614 748 “

676 925 1657 1008 AD'BAGCHVM.

216 1081 444 1229 Quo
496 1144 658 1214 me,
710 1110 1031 1209 Bacche,
1082 1115 1275 1215 rapis
1325 1114 1434 1189 tui

322 1237 635 1310 Plenum
650 1231 690 1309 ‘2
709 1236 920 1324 Quae
941 1262 1235 1310 nemora
1247 1290 1268 1329 ,
1287 1254 1410 1309 aut
1422 1260 1612 1336 quos
1626 1261 1803 1337 agor
1818 1234 1893 1311 in
1916 1259 2199 1336 specus,

208 1353 453 1429 Velox
497 1377 738 1429 mente
792 1353 1035 1430 nova?
1090 1357 1379 1444 Quibus
1429 1339 1460 1384 ‘x

316 1475 569 1550 Antris
620 1474 898 1578 egregii
951 1474 1272 1549 Caesaris
1328 1474 1608 1552 audiar.

102 1704 296 1759 naque
339 1704 506 1758 opera
529 1687 750 1741 faciunt
784 1695 1109 1758 tentantque

105 1769 336 1838 niun-ia,
396 1775 597 1843 quibus
642 1760 938 1843 pecuniam
980 1790 1110 1825 coa-

104 1867 375 1923 cervent3
434 1859 564 1909 hinc
625 1858 1111 1912 avarus-Iuvenali

104 1944 250 1995 xlv.
281 1944 401 1996 117.
433 1942 995 2014 properans-sdicitur.
1028 1967 1109 1984 -—-

105 2029 391 2097 inprobae,
436 2045 579 2097 quae
612 2027 848 2097 inprobo
876 2028 1111 2080 inhone-

105 2122 308 2184 stoque
340 2113 519 2165 studio
553 2112 931 2183 colliguntur-3
977 2113 1107 2165 hinc

105 2196 241 2252 infr.
268 2198 446 2267 Epist.
478 2199 522 2250 Ι.
551 2198 634 2251 10.
668 2195 756 2250 40.
794 2215 991 2249 avarus
1023 2198 1106 2250 di·

107 2283 257 2335 citur
270 2271 575 2352 *impr-obus.
617 2283 709 2335 vel
737 2281 1071 2352 simpliciter
1087 2300 1105 2337 t

103 2385 385 2439 magnae,
429 2369 710 2439 ingentes3
752 2368 942 2419 ——rei
986 2388 1107 2420 cur-

102 2467 230 2520 tae,
310 2454 578 2506 eiusmodi
637 2453 867 2521 divitiis,
939 2469 1105 2522 quae,

102 2547 236 2609 utut
285 2539 537 2606 amplae,
584 2552 770 2590 curtae
807 2547 1000 2590 tamen
1050 2547 1108 2590 et

101 2639 315 2691 parvae
345 2623 746 2675 insatiabilibus
787 2638 982 2675 earum
1025 2624 1106 2675 vi·

105 2708 314 2759 dentur
364 2708 787 2777 possessoribus3
858 2724 991 2759 nam
1042 2715 1107 2760 ut

102 2792 315 2845 Noster
354 2810 502 2867 supr.
532 2794 633 2845 111.
664 2793 746 2845 16.
771 2787 857 2845 42.
916 2793 1107 2844 Multa

103 2877 441 2946 petentibus,
533 2879 730 2929 desunt
780 2878 972 2929 multa.
1024 2904 1100 2917 —-

103 2963 459 3030 Boettigeriu·
513 2972 803 3034 comparat
855 2960 1103 3034 Euripid.

103 3046 317 3100 Electr.
337 3043 459 3100 943.

310 3202 684 3256 CARMEN
734 3203 893 3255 XXV.

193 3301 429 3371 Augusti
464 3302 683 3356 divinos
718 3304 956 3356 honores
988 3303 1106 3356 sive

105 3378 439 3438 ἀποθέωσιν
452 3389 702 3441 carmine
727 3407 900 3459 quam
924 3388 1104 3440 maxi·

100 3487 201 3522 rne
236 3471 466 3523 sublimi
520 3473 900 3527 celebraturus
947 3473 1106 3525 furo-

100 3572 262 3621 rem,
308 3572 478 3625 quem
515 3559 773 3615 Bacchus
812 3558 990 3628 poetis
1016 3556 1102 3609 di-

100 3640 470 3710 thyrambicis
510 3642 818 3696 immittere
865 3642 1103 3712 putabet-i

100 3733 228 3794 tur,
273 3735 503 3794 pectore
547 3728 790 3797 concipit
818 3727 1100 3788 Horatius.

100 3810 317 3862 Bacchi
381 3811 556 3881 igitur
626 3812 818 3866 furore
881 3812 1099 3883 plenus,

101 3894 190 3946 uti
220 3897 462 3948 Maenas
505 3896 722 3967 aliqua,
765 3898 829 3950 in
867 3912 1103 3950 nemora

101 3987 164 4030 et
200 3996 394 4049 specus
429 3981 720 4050 aufertur,
769 3982 869 4036 ubi
908 3983 972 4035 in
1003 3998 1103 4034 an

99 4072 191 4116 tro
245 4066 494 4135 quodam
545 4067 782 4121 sublime
842 4077 900 4121 et
944 4067 1103 4120 inau-

101 4148 286 4203 ditum
323 4160 456 4204 ante
507 4154 568 4207 in
614 4153 884 4226 Augusti,
953 4152 1104 4208 inter

1191 1688 1322 1741 deos
1357 1688 1557 1758 relati,
1598 1687 1789 1742 laudes
1831 1704 2061 1741 carmen
2111 1687 2195 1740 di-

1190 1783 1380 1826 cturus
1425 1783 1525 1826 est.
1608 1775 1749 1827 Mox
1789 1774 2083 1842 paululum
2126 1789 2195 1825 ex

1193 1859 1369 1911 animi
1398 1859 1482 1912 sui
1509 1858 1762 1911 tumultu
1788 1858 1858 1909 sd
1888 1875 1946 1911 se
1974 1852 2217 1910 rediens.

1194 1943 1606 2013 circumspicit,
1647 1949 1703 1995 et
1747 1942 1903 2009 loca,
1949 1944 2022 1995 ad
2052 1955 2193 2014 quae

1189 2029 1389 2081 furore
1429 2028 1673 2097 percitus
1698 2026 1915 2080 delatus
1937 2028 2038 2097 sit,
2085 2028 2193 2082 mi·

1189 2123 1363 2165 ratur.
1469 2115 1644 2166 Tum*
1665 2113 1953 2165 Bacchum
2001 2113 2194 2183 appel-

1172 2198 1288 2264 lat,
1336 2206 1424 2265 et,
1469 2198 1634 2266 quale
1667 2205 1898 2250 carmen
1932 2206 2193 2250 cantatu-

1188 2281 1285 2340 rus
1310 2281 1409 2348 sit,
1455 2281 1661 2336 iterum
1688 2283 1996 2352 profitetur.
2054 2283 2190 2336 Sen-

1187 2386 1254 2421 su
1299 2378 1489 2421 autem
1543 2367 1723 2421 dulcis
1757 2368 1904 2421 illius
1964 2367 2188 2436 furoris,

1188 2469 1336 2524 quo,
1382 2452 1481 2523 qui
1529 2446 1822 2506 Bacchum
1860 2463 2185 2524 sequuntur,

1187 2539 1597 2607 perfundantur
1611 2577 1626 2605 ,
1691 2526 1951 2591 delinitus
2002 2540 2187 2593 subito

1190 2639 1420 2675 carmen
1458 2623 1603 2677 finit.
1642 2647 1735 2663 ·-—·
1770 2623 1920 2692 Quid
1969 2625 2189 2693 assequi

1187 2717 1357 2777 poeta
1385 2708 1494 2759 hoc
1530 2708 1782 2760 carmine
1826 2706 2189 2777 dithyrambi-

1190 2808 1258 2845 co
1291 2792 1477 2862 (quale
1511 2792 1633 2845 fere
1677 2802 1766 2845 est'
1778 2810 1931 2861 supr.
1957 2795 2029 2845 11.
2076 2795 2184 2861 19.)

1187 2877 1461 2943 voluerit,
1505 2877 1671 2930 facile
1698 2888 1944 2947 apparet.
1990 2878 2187 2931 Osten-

1188 2962 1321 3015 dere
1375 2980 1577 3032 nempe
1631 2963 1836 3029 voluit,
1912 2976 2024 3031 quo
2087 2980 2186 3016 ore

1185 3048 1418 3118 Augusti
1442 3046 1637 3100 laudes
1679 3048 2057 3100 celebraturus
2087 3065 2184 3101 ru·

1185 3147 1283 3185 ere
1334 3132 1547 3185 debeat.
1645 3135 1772 3185 Non
1829 3149 2035 3185 canens
2077 3151 2186 3185 au-

1186 3226 1307 3270 tem
1352 3217 1476 3270 illas
1511 3216 1699 3270 laudes
1732 3212 1876 3269 novo
1920 3226 1976 3269 et
2012 3217 2183 3270 subli-

1186 3303 1399 3367 miore,
1471 3302 1620 3373 quod
1676 3318 1735 3356 se
1776 3285 2036 3354 meditari
2087 3303 2182 3372 ait,

1190 3387 1466 3455 carmine,
1508 3388 1678 3439 tacite
1717 3387 1784 3439 iis
1829 3387 2088 3440 canendis
2126 3398 2184 3440 et

1186 3471 1420 3524 uberius,
1450 3472 1772 3524 enarrandis
1805 3489 1864 3524 se
1878 3472 2184 3543 ‘imparem

1184 3558 1499 3625 profitetur.
1589 3559 1714 3627 Quo
1767 3556 1996 3629 quidem
2040 3557 2185 3621 nihil

1185 3641 1257 3693 ad
1314 3649 1560 3694 tentatae
1620 3642 1705 3693 rei
1755 3642 2183 3712 amplitudinem
2235 3699 2241 3703 Α

1183 3725 1583 3796 designandam
1623 3726 1805 3795 aptius
1850 3728 2183 3799 graviusque

1182 3827 1219 3863 a
1256 3820 1426 3880 poeta
1469 3811 1609 3883 fingi
1646 3811 1864 3881 potuit3
1909 3813 1984 3865 cf.
2009 3810 2180 3882 supr.

1181 3895 1425 3966 Argum
1443 3896 1514 3949 ad
1543 3896 1597 3953 1.
1629 3896 1732 3958 6.

1266 3981 1589 4041 v.1—6.
1644 3938 1877 4053 Cogita,
1934 3989 2178 4053 poetam,

1184 4082 1414 4120 carmen
1485 4066 1749 4121 audacius
1816 4068 1879 4123 in
1945 4065 2181 4137 Augusti

1183 4151 1379 4207 laudes
1449 4152 1773 4207 molientem
1788 4191 1806 4224 ,
1875 4151 2179 4220 Bacchum,
