2558 4757
630 277 685 324 2,-
732 238 1045 318 oARM.
1115 241 1305 340 mn,
1356 243 1412 312 1.
1465 249 1564 315 14.
1633 291 1672 350 μ

1993 251 2198 358 63

521 380 787 486 fiebas
824 411 1267 509 ludibrium,
1333 442 1528 495 cave.

304 528 565 632 Nuper
620 523 1007 607 sollicituin
1058 560 1247 636 quae
1299 534 1483 608 mihi
1534 533 1881 638 taedium,

303 649 532 724 Nunc
594 650 1070 749 desiderium,
1141 681 1465 774 curaque
1516 682 1670 730 non
1722 655 1934 754 levis,

431 772 801 847 Interfusa
856 773 1169 886 nitentes

434 891 721 976 Vites
773 904 1088 1003 aequora
1126 845 1493 998 Cycladas.

108 1075 717 1134 commodatissimum·
698 1099 753 1146 3
758 1109 763 1112 -
826 1081 1097 1153 quemad-

107 1161 344 1230 modum,
379 1174 547 1233 poeta
573 1167 695 1219 vult
730 1166 936 1235 dicere,
972 1168 1094 1235 tibi,

108 1266 139 1303 o
158 1250 325 1317 navis,
351 1251 394 1303 si
431 1251 638 1306 iterum
664 1257 1010 1324 tempestatis
1036 1255 1096 1307 in

107 1336 239 1389 mari
266 1337 595 1405 periculum
645 1340 877 1393 subieris
891 1378 909 1406 ,
956 1338 1097 1393 nihil

105 1423 243 1495 ligni,
271 1439 343 1476 ex
366 1441 481 1494 quo
505 1425 780 1479 fabricata
802 1444 858 1478 es
870 1466 889 1494 ,
925 1426 1097 1496 prod-

109 1510 201 1563 erit
240 1510 509 1563 nobilitas
528 1551 543 1578 ,
575 1513 655 1565 ita
678 1530 786 1566 nec
811 1513 1095 1580 Romania,

106 1595 238 1649 bella
264 1596 456 1649 civilia
502 1599 887 1670 redintegrare
928 1599 1096 1667 ausis,

106 1680 434 1734 nobilissima
460 1682 638 1753 gentis
661 1697 813 1753 suae,
861 1703 893 1737 a
918 1688 1096 1737 Marte

110 1778 160 1822 et
190 1771 409 1820 Venere
456 1769 761 1838 deductae,
797 1773 1098 1841 profutura

110 1863 179 1908 est
204 1853 364 1925 origo
393 1864 560 1925 atque
575 1855 1096 1931 gloria.-Nilpic—

109 1946 174 1995 tis
192 1948 319 1993 cett.
346 1958 522 1994 nexus
559 1945 967 1997 sententiarum
1011 1952 1095 1995 est

109 2028 214 2080 fere
227 2029 349 2080 hic:
385 2028 530 2080 nihil
549 2030 697 2082 enirn
714 2031 937 2106 iuvatin
951 2040 1095 2083 tem-

111 2122 301 2185 pestate
329 2115 490 2166 navis
517 2116 809 2184 nobilitas,
834 2117 974 2170 nihil
1002 2135 1094 2169 ex-

110 2211 277 2253 ternus
300 2201 463 2252 navis
488 2201 768 2270 splendor,
796 2204 854 2257 in
883 2222 994 2274 quo
1020 2205 1093 2256 ti-

110 2288 269 2342 midus
288 2297 467 2339 nauta
493 2288 708 2341 nullam
735 2292 964 2344 omnino
991 2309 1090 2359 po-

111 2374 182 2427 nit
201 2373 570 2429 fiduciam.—-
576 2381 745 2450 pictis
761 2419 774 2444 ,
812 2369 885 2430 ad
914 2386 1093 2431 exter-

110 2480 228 2515 num
266 2461 424 2513 enim
468 2465 696 2517 navium
739 2462 1097 2534 splendorem

108 2549 449 2624 pertinebant
457 2551 729 2620 picturae,
748 2550 947 2620 quibus
959 2565 1100 2619 pup-

110 2658 194 2711 pes
223 2638 481 2707 inprimis
529 2637 785 2691 decorari
828 2636 1098 2688 solebant.

111 2728 344 2783 Laudant
383 2730 580 2781 senec.
644 2724 812 2793 Epist.
852 2725 1097 2779 LXXVI,

112 2814 281 2889 Navis,
324 2815 474 2867 bona
527 2815 753 2876 dicitur,
803 2804 923 2866 non*
960 2830 1099 2883 quae

106 2904 344 2975 pretiosis
374 2899 645 2952 coloribus
674 2900 876 2969 picta
910 2910 1010 2961 est,
1028 2921 1096 2933 —-

110 3008 194 3042 nec
214 2990 366 3040 cuius
390 2987 568 3039 tutela
592 2986 747 3038 ebore
778 2985 1010 3049 caelata,
1027 3009 1095 3020 -

111 3077 191 3129 sed
215 3072 436 3127 stabilis
459 3086 514 3124 et
524 3072 714 3139 firma.
739 3098 809 3109 —-
825 3075 936 3124 nisi
958 3089 1097 3123 ven-

111 3168 175 3216 tis
196 3163 308 3214 deb.
330 3160 535 3213 ludibr.
565 3156 621 3208 h.
642 3173 689 3211 e.
708 3155 814 3209 nisi
826 3155 1021 3220 ventis,
1036 3163 1102 3206 ut

110 3250 167 3302 iis
193 3248 260 3299 sis
286 3243 563 3311 ludibrio,
595 3251 652 3294 te
681 3257 959 3311 exponere
986 3241 1101 3306 νᾶες

112 3332 366 3403 loquendi
402 3330 580 3384 ratio:
626 3329 914 3383 ludibrium
937 3330 1106 3380 alicui

113 3422 281 3474 debere
316 3419 378 3471 h.
410 3435 459 3472 e.
494 3414 740 3468 ludibrio
762 3414 1008 3466 alicuius
1048 3428 1107 3463 se

114 3505 407 3558 obnoxium
455 3504 682 3569 facere,
755 3501 1110 3554 conformata

114 3611 214 3646 esse
234 3592 466 3645 videtur
490 3589 565 3641 ad
603 3587 921 3657 exemplum
946 3601 1110 3656 grae-

116 3697 201 3732 cae
224 3676 564 3732 locutionis:
593 3669 791 3745 ὄφλειν
814 3674 905 3728 vel
917 3667 1110 3742 ὀφλισ-

1933 879 1938 886 ’
2021 906 2187 977 ’.20

1178 1073 1380 1136 κᾶνευ
1423 1075 1656 1150 γέλωτα
1701 1069 1853 1148 ap'ud
1904 1069 2185 1153 Aristoph.

1177 1167 1324 1220 Nuh
1353 1165 2183 1236 1031·Eurip1d·Med-1o49.

1174 1258 1345 1307 risum
1369 1254 1623 1310 dehet-eh.
1642 1269 1691 1309 e.
1717 1251 1853 1305 risui
1866 1269 1927 1305 se
1954 1245 2188 1306 ohnoxi-

1178 1357 1281 1393 um
1317 1340 1550 1407 offerre,
1596 1357 1655 1393 se
1697 1339 1883 1409 ipsum
1922 1340 2184 1394 deriden-

1181 1426 1320 1480 dum
1346 1426 1664 1495 propinare.
2139 1465 2144 1470 -

1246 1530 1301 1566 v.
1334 1521 1402 1573 16
1425 1541 1498 1551 ·-·
1528 1521 1615 1573 20.
1654 1514 1845 1586 Nuper
1875 1513 2185 1574 ’sollicitum
2269 1551 2272 1558 =

1179 1613 1318 1672 quae
1335 1601 1471 1651 mihi
1497 1606 1627 1650 cett.
1673 1615 1891 1655 sensus:
1933 1618 1967 1653 o
2005 1603 2184 1671 navis,

1179 1701 1323 1754 quae
1352 1700 1531 1752 nuper
1553 1684 1610 1735 in
1646 1686 1926 1756 naufragii
1961 1688 2187 1755 pericu-

1176 1770 1235 1822 lo
1272 1770 1411 1821 mihi
1446 1770 1813 1823 sollicitudini
1851 1789 1972 1826 eras
2008 1783 2185 1843 atque

1175 1856 1379 1922 taedio,
1415 1873 1567 1907 nunc
1590 1873 1742 1921 vero,
1776 1867 1994 1910 servata
2021 1877 2183 1922 nem-

1176 1961 1249 2013 pe
1278 1944 1348 1995 al)
1378 1942 1637 2007 interitu,
1675 1944 1949 2011 voluptati
1977 1954 2034 1996 et
2057 1963 2182 1998 ma-

1177 2046 1321 2099 gnae
1349 2046 1535 2095 curae,
1551 2029 1708 2096 vites,
1747 2046 1971 2098 quaeso,
2007 2034 2183 2088 marin

1174 2115 1306 2167 loca
1331 2115 1669 2185 navigationi
1707 2114 2081 2173 infestissima.
2107 2147 2183 2161 -—-·

1175 2204 1329 2255 Haec
1383 2210 1626 2258 extrema
1651 2251 1656 2254 ,
1679 2203 1955 2255 sententia
2008 2204 2182 2272 paulo

1175 2288 1420 2358 apertius
1445 2286 1635 2356 prodit
1674 2288 1924 2362 animurn
1962 2299 2184 2359 poetae,

1175 2376 1317 2429 haec
1361 2374 1482 2449 fere
1525 2375 1858 2444 expressuri:
1915 2394 1949 2429 o
1989 2394 2186 2446 respu-

1175 2463 1355 2530 blica,
1395 2478 1538 2563 <Quae
1573 2456 1783 2530 nuper,
1820 2462 1983 2528 belliq
2009 2462 2186 2515 civili-

1178 2549 1283 2601 bus
1320 2548 1713 2613 saevientibus,
1770 2549 1999 2601 creabas
2041 2548 2184 2602 mihi

1138 2633 1616 2708 ·sollicitudinem
1680 2643 1848 2704 atque
1907 2634 2180 2702 taedium,

1181 2739 1333 2773 nunc
1356 2737 1486 2771 vero
1505 2759 1520 2787 ,
1557 2720 1790 2788 reducto
1821 2720 1934 2772 otio
1955 2757 1972 2787 ,
2002 2728 2059 2771 et
2085 2720 2183 2773 de..

1178 2807 1383 2860 siderio
1403 2807 1490 2859 tui
1516 2815 1800 2871 renovat0,
1833 2804 1925 2857 vel
1939 2806 2184 2858 maximo

1179 2894 1325 2946 mihi
1359 2910 1528 2949 curae
1570 2890 1837 2960 cordique
1890 2909 1975 2958 es,
2025 2909 2182 2961 cave,

1177 2997 1267 3047 ne,
1303 2978 1469 3030 motis
1500 2978 1569 3030 de
1603 2978 1823 3047 integro
1851 2977 2013 3029 bellis
2039 2978 2185 3029 civi-

1163 3065 1325 3118 -lihus
1343 3104 1372 3131 ,.
1408 3081 1677 3134 praeceps
1719 3081 1849 3115 ruas
1884 3062 1943 3114 in
1995 3061 2189 3131 perni-

1183 3152 1347 3205 ciem.
1362 3180 1430 3191 -
1445 3171 1680 3223 aequora
1706 3150 1981 3220 interfusa
1997 3152 2186 3217 Cycla·

1185 3242 1287 3291 das
1310 3236 1366 3288 h.
1383 3250 1430 3288 e.
1460 3236 1603 3302 fusa,
1644 3234 1890 3289 labentia
1912 3234 2062 3286 inter
2087 3237 2189 3303 cy-

1184 3323 1392 3377 cladas.
1406 3328 1722 3377 ——uc‘cences
1738 3359 1753 3389 ,
1794 3321 1867 3373 ob
1889 3318 2190 3395 marxnoris

1187 3410 1268 3462 ibi
1293 3409 1570 3462 nascentis
1612 3409 1886 3472 nitorem3
1933 3405 2191 3458 similiter

1188 3496 1322 3549 infr·
1375 3499 1468 3553 ΙῙῙ.
1524 3497 1613 3551 28.
1667 3498 1750 3558 14.
1798 3495 2076 3567 fulgentes
2105 3489 2190 3543 di-

1191 3590 1411 3636 cuntur.

2243 986 2360 1093 ,c
